3120 4772
752 333 817 396 102

228 475 290 529 lolia
313 473 508 548 superantibus
525 471 608 549 paulb
624 473 707 548 supra
725 472 803 530 basin
825 471 1183 542 arcuato-ascendentibus,
1205 469 1342 528 involucri

228 577 341 634 oruuinb
356 578 469 634 scariosi
487 577 588 653 phyllis
605 576 703 652 pallide
719 575 979 633 bruuneo·rubellis
992 574 1094 632 inlunis
1112 575 1340 648 ovato-triangu-

228 679 330 736 laribus
348 681 514 738 rnucronatis
531 699 616 736 nereo
634 680 722 736 medio
745 681 858 737 costatis
873 680 980 737 caeteris
998 679 1086 737 oratis
1102 679 1208 736 obtusis
1220 680 1340 746 nrnticiS,

229 779 346 838 bracteis
370 781 585 838 iuterlloralibus
608 781 716 856 calyces
742 781 981 857 subaequnntibus,
1012 781 1117 838 calcare
1133 781 1190 838 lere
1211 783 1242 837 ail
1265 782 1339 838 basin

229 883 354 958 pedicelli
373 886 460 960 usqne
479 885 613 961 producto
635 885 730 941 tubum
747 885 900 962 calycinnm
923 885 1067 942 dimidium
1086 886 1218 962 aeqnauti,
1236 885 1344 942 loveultl

228 986 342 1054 lineari,
363 989 447 1045 costis
473 988 527 1044 tubi
550 987 663 1066 calrcini
690 988 921 1064 adpressiusculis
948 987 1083 1054 hirsutis,
1108 987 1259 1044 intervallis
1280 987 1342 1062 gla-

229 1089 295 1156 bris,
313 1090 387 1147 linrbi
400 1091 495 1147 tuburn
508 1091 642 1167 aequnntis
659 1091 955 1150 rabello-luscescenris
967 1091 1036 1148 lobis
1052 1091 1182 1148 brevibus
1195 1091 1246 1148 late
1260 1091 1341 1146 trian-

231 1193 373 1266 gularibus
387 1196 464 1270 apice
477 1195 595 1252 brevitur
611 1194 791 1252 nrucronatis

269 1297 339 1355 llab.
365 1298 392 1354 in
416 1299 525 1373 pascuis
542 1298 755 1356 liuruitliuseulis
777 1298 928 1356 Lusitaniae
946 1299 1143 1374 Transtaganae
1160 1297 1244 1374 prope
1268 1295 1342 1354 Villa

230 1399 310 1456 ll'ona
326 1401 357 1456 cle
373 1398 513 1478 lllilfontes
526 1403 616 1458 raribs
638 1401 838 1478 (Weln'itscli).
862 1401 905 1457 Fl.
926 1401 1024 1478 Aprili.

270 1503 346 1558 Folia
363 1503 453 1560 lbi&
476 1503 562 1560 lineas
579 1505 670 1580 longa,
687 1505 761 1579 scapi
783 1504 1037 1580 sesquipollicares,
1056 1504 1166 1562 habitus
1180 1513 1207 1560 et
1222 1503 1341 1579 capitula

230 1605 264 1661 Α.
282 1603 429 1659 maritimae
451 1603 494 1660 uel
509 1602 675 1680 splendentis
690 1625 704 1662 a
720 1605 820 1681 quibus
842 1605 947 1663 calcare
971 1607 1100 1682 elongato
1119 1606 1226 1663 loveolal
1247 1607 1343 1662 lineari

231 1727 281 1765 nec
295 1708 414 1784 oblonga
427 1721 556 1766 excavato
573 1709 664 1766 differt
679 1719 706 1766 et
722 1709 774 1767 balo
790 1712 853 1766 uota
879 1710 907 1765 in
923 1711 1046 1766 sectione
1065 1709 1255 1767 Macrocentro
1283 1708 1343 1765 col·

231 1813 344 1869 locando
360 1815 386 1869 in
398 1816 450 1890 quel
468 1813 561 1870 babitu
571 1813 697 1870 anomala
710 1823 762 1871 cst.
776 1813 898 1890 Insignis
911 1814 1001 1890 scapis
1020 1815 1100 1870 nanis
1119 1831 1341 1890 semperarcun-

232 1917 274 1985 tis,
293 1917 415 1994 calycino
435 1917 517 1974 limbo
535 1917 651 1976 rubelln.

268 2070 398 2126 Annnnrr
416 2070 568 2126 Trncrrnun
582 2070 672 2130 Boiss.
683 2071 799 2133 etlleut.
818 2071 905 2150 (Sect.
923 2070 1100 2148 Plopiobosis
1116 2070 1344 2152 Pleurotrioloe.)

270 2221 303 2276 Α.
321 2220 414 2296 glabra
429 2221 501 2278 loliis
515 2222 707 2280 crassiuscnlis
720 2223 855 2298 elongatis
871 2223 924 2282 late
936 2224 1095 2282 lanceolntis
1111 2223 1128 2280 ὃ
1143 2225 1245 2282 nerviis
1257 2225 1343 2282 acutis

229 2323 398 2380 mucronalis
426 2322 532 2380 inferne
554 2325 582 2380 iu
606 2325 740 2400 petiolum
767 2327 941 2402 longiuscule
966 2329 1126 2396 attenuatis,
1157 2347 1240 2405 scapo
1269 2328 1342 2386 elato

229 2443 321 2482 crasso
337 2425 409 2482 loliis
425 2424 566 2483 multoties
586 2425 714 2502 longiori,
734 2429 869 2486 involucri
889 2429 992 2506 phyllis
1015 2431 1125 2506 pallidis
1141 2432 1270 2488 coriaceis
1286 2449 1341 2486 un-

230 2531 309 2606 guslb
324 2529 442 2607 hyalinis
460 2529 562 2586 infimis
583 2532 670 2588 oratis
688 2531 877 2589 obtusiuscule
899 2543 926 2588 et
945 2534 1066 2589 breviter
1088 2535 1238 2611 cuspnlatis
1264 2534 1337 2610 saepe

232 2634 341 2691 muticis
356 2634 463 2692 caeteris
474 2633 602 2710 oblongis
618 2634 816 2703 obtusissimis,
832 2635 960 2712 capitulis
977 2638 1148 2713 majusculis,
1166 2637 1281 2694 bracteis
1296 2637 1343 2692 in-

230 2738 416 2796 terlloralibus
438 2739 580 2809 obsoletis,
615 2739 750 2816 pedicolln
773 2739 838 2796 tubo
861 2740 984 2816 culpcino
1006 2741 1039 2798 ad
1064 2752 1154 2798 costas
1180 2742 1261 2816 parce
1284 2740 1344 2796 bre—

231 2844 344 2900 vissime
371 2854 398 2900 et
422 2843 552 2918 adpresse
577 2843 680 2899 birtulo
709 2843 790 2918 paulb
820 2843 951 2910 breviori,
983 2843 1091 2900 luteola
1118 2843 1227 2900 bnsilnri
1252 2844 1342 2906 ovatb,

230 2946 314 3002 limbo
331 2946 396 3001 tubo
416 2945 586 3016 sublongiori
606 2943 674 3000 lobis
695 2945 748 2999 lale
772 2944 988 3016 triangularibus
1009 2945 1086 3000 nervi
1102 2945 1263 3018 nigricunlis
1280 2963 1343 3022 pru-

231 3051 359 3106 ductionc
374 3049 401 3104 in
418 3063 578 3103 mucronem
597 3055 766 3120 pungentem
783 3043 960 3102 abeunlibus.

273 3151 375 3208 Stutt'ce
386 3147 539 3228 cephalotcs
551 3148 686 3210 Sebourb.
706 3149 827 3206 lilarocc.
848 3167 902 3205 non
914 3147 1052 3206 alioruml

269 3257 340 3314 Hah.
353 3257 438 3334 prope
453 3257 674 3334 promontorium
692 3255 805 3334 Spartel
821 3255 900 3333 regni
918 3255 1072 3312 llaroceani
1084 3255 1191 3333 (Roiss.
1206 3267 1232 3314 et
1245 3255 1341 3324 licut,

229 3361 302 3419 lllaio
316 3360 418 3439 aaut).

270 3465 347 3522 Folia
371 3484 434 3522 cum
459 3464 561 3541 petiole
586 3463 642 3520 ab
665 3464 779 3540 pollices
801 3464 894 3540 longa,
918 3463 1039 3540 superne
1058 3461 1109 3520 3-3
1123 3463 1159 3538 ¹),
1174 3463 1261 3522 lineas
1279 3465 1341 3526 lata,

231 3568 304 3641 scapi
321 3567 432 3642 pedales
449 3567 656 3644 longioresque,
673 3569 781 3644 calyces
797 3567 852 3624 lere
867 3567 922 3642 Ab,
939 3567 1025 3623 lineas
1041 3567 1127 3642 longi.
1147 3568 1263 3625 Pulcbra
1282 3587 1345 3644 spe-

233 3671 288 3728 cies
304 3670 399 3726 babitu
423 3672 577 3746 specierum
602 3671 723 3747 plurium
749 3671 821 3731 Sect.
846 3669 1031 3728 llncrocentrl
1054 3673 1165 3739 donata,
1189 3673 1344 3748 praesertim

233 3777 266 3830 A.
288 3771 438 3850 spinnlosru
454 3773 523 3830 lobis
540 3772 669 3850 culycinis
694 3775 880 3850 pungentibus
905 3777 1039 3834 accedeus
1060 3775 1108 3832 sed
1125 3777 1158 3832 ab
1182 3780 1212 3833 el
1234 3777 1343 3834 diversa

233 3877 304 3935 loliis
319 3877 507 3952 plurinerviis,
524 3875 626 3953 plipllis
649 3875 767 3944 obtusis,
792 3878 898 3936 lot’eolei
919 3882 999 3936 ovatal
1023 3898 1073 3936 nec
1096 3879 1340 3956 oblongo-lineari,

234 3980 317 4038 limbo
336 3978 401 4036 tubo
422 3979 537 4053 longiori
555 3996 605 4036 nec
622 3978 750 4036 breviori.
770 3980 875 4039 Forsan
898 3983 931 4038 Α.
946 3981 1090 4058 spinulosc
1105 3984 1180 4059 jnxt‘a
1193 3985 1226 4042 Α,
1249 3983 1342 4058 Tingi-

237 4100 329 4144 tanum
344 4084 444 4145 melilrs
460 4085 531 4142 inter
546 4081 726 4159 Plopioloses
741 4095 803 4160 post
820 4088 850 4143 Α.
871 4085 1018 4164 latifolioni
1034 4088 1200 4146 collocanda.
