3120 4772
801 351 845 416 88

296 542 415 599 Lrunnrn
430 558 580 608 rnorruurn
596 541 685 598 fluiss.
704 549 731 596 et
746 539 830 598 Rout.
848 539 891 619 (S.
911 541 1118 597 Liaurinstrum
1131 541 1207 598 subs.
1223 539 1368 616 Supiuoe).

296 695 330 751 L.
348 712 440 751 annua
463 693 629 752 multicaulis
648 693 812 768 glaberrima
834 694 959 751 caulibus
983 694 1111 751 tenuibus
1132 693 1267 768 elongatis
1289 693 1371 768 parce

256 799 373 856 ramosis
385 797 494 854 diffusis
508 797 550 854 vel
561 796 788 865 ascendentibus,
800 796 873 854 foliis
888 797 1128 872 glaucescentibus
1140 794 1268 853 tenuibus
1283 795 1370 852 linea·

257 901 333 958 ribus
350 899 547 958 obtusiusculis
562 898 863 978 iupseudoverticillos
879 900 951 957 inter
968 917 999 956 se
1014 907 1135 957 remotos
1150 896 1306 975 dispositis,
1318 897 1367 954 flo-

256 1005 332 1061 ribus
348 1001 397 1060 3-6
410 1001 603 1059 terminalibus
615 1002 643 1057 in
659 1019 799 1058 racemum
816 999 908 1058 laxum
924 999 1077 1075 dispositis,
1087 999 1203 1056 bracteis
1219 999 1371 1056 linearibus

260 1105 426 1183 pedicellum
442 1104 572 1180 gracilem
588 1102 702 1179 capsula
720 1103 875 1179 longiorem
892 1101 1077 1178 aequantibus,
1096 1101 1197 1179 calycis
1212 1101 1370 1178 glaberrimi

256 1209 363 1268 laciniis
385 1208 609 1266 lineari-setaceis
634 1209 722 1265 acutis
748 1225 797 1282 per
819 1207 948 1264 anthesin
966 1205 1067 1282 patulis
1090 1203 1238 1262 fructiferis
1258 1204 1371 1281 capsulf

257 1314 440 1390 longioribus,
457 1311 569 1370 corollae
586 1311 667 1369 luteae
685 1311 757 1369 labio
773 1311 909 1387 superiori
931 1311 1071 1386 elongato,
1093 1309 1183 1386 palato
1201 1309 1369 1377 saturatiori,

255 1419 361 1475 calcare
382 1416 549 1474 meliuscule
574 1416 651 1492 apice
673 1413 803 1471 subulato
828 1413 939 1470 corollae
965 1413 1190 1489 subaequilongo,
1217 1411 1369 1472 seminibus

256 1518 594 1578 convexo-disciformibus
616 1517 733 1576 laevibus
748 1515 1148 1591 membranaceo-marginatis.

296 1622 367 1679 llab.
392 1623 419 1678 in
441 1622 596 1699 Pyrenaeeis
620 1619 835 1678 occidentalibus
860 1619 944 1695 prope
970 1627 1094 1676 montem
1120 1618 1175 1675 Pes
1202 1618 1235 1674 de
1260 1615 1371 1674 Rolcnd

256 1727 359 1783 (lictum
376 1725 554 1802 (Lesnuvage
570 1724 596 1781 in
618 1723 696 1780 berb.
716 1721 852 1798 Fauche).

296 1829 361 1886 lfaec
377 1845 488 1902 quoque
503 1826 600 1883 babitu
616 1835 643 1882 et
658 1825 864 1883 characteribus
879 1823 907 1880 t.
925 1827 1033 1901 supino
1050 1825 1140 1882 affinis
1153 1837 1194 1882 est
1209 1825 1258 1882 sed
1271 1835 1372 1902 praeter

257 1929 319 1985 felia
332 1929 505 2002 verticillata‚
522 1927 615 1984 caules
630 1926 860 2003 snbproceriores
875 1925 942 1983 uto
961 1927 1106 2004 pollicares
1118 1927 1151 1984 ab
1167 1931 1199 1985 ea
1216 1927 1310 1986 differt
1323 1947 1371 1986 ra-

256 2033 343 2090 cemis
380 2030 537 2107 paucissoris
566 2048 615 2106 per
644 2029 773 2087 antbesin
802 2029 962 2099 laxissimis,
993 2029 1109 2088 floribus
1134 2031 1283 2107 majoribus
1308 2032 1370 2091 illos

255 2133 287 2189 L.
306 2143 420 2210 sparteae
439 2131 633 2205 referentibus,
658 2132 763 2189 laciniis
778 2132 910 2209 calycinis
932 2151 981 2209 per
998 2133 1127 2191 antbesin
1143 2134 1245 2210 patulis
1260 2135 1368 2210 glaber·

256 2239 333 2294 rimis
349 2235 577 2294 lineari-setaceis
593 2253 644 2293 nec
655 2235 958 2312 oblongo-lanceolatis.
1234 2215 1239 2224 ’

295 2387 415 2443 Lrunnrn
430 2387 597 2444 Hnussnnnr
612 2386 702 2444 Boiss.
717 2397 743 2444 et
759 2387 843 2445 flent.
860 2387 902 2464 (S.
916 2387 1122 2446 littoriastrum
1134 2390 1211 2448 subs.
1231 2390 1367 2469 Supina).

297 2541 329 2598 L.
350 2557 443 2597 annua
461 2539 628 2596 multicaulis
649 2539 825 2616 glabrescens
845 2541 888 2598 vel
910 2543 991 2616 parce
1012 2543 1156 2613 viscidule,
1173 2543 1295 2603 caulibus
1311 2564 1368 2620 pu·

256 2647 329 2704 milis
351 2643 565 2704 ascendentibus
589 2643 632 2700 vel
653 2643 911 2720 procumbentibus,
929 2645 1002 2703 foliis
1017 2646 1168 2705 linearibus
1189 2658 1367 2724 quaternato-

255 2748 479 2807 subvertibillatis
495 2747 685 2824 superioribus
707 2749 823 2824 sparsis,
842 2747 957 2807 floribus
971 2749 1019 2808 bt
1041 2750 1231 2808 terminalibus
1254 2769 1304 2828 per
1321 2770 1370 2810 an·

257 2853 346 2910 tbesin
362 2851 540 2928 subcapitatis
556 2869 665 2908 racemo
682 2852 821 2909 fructifero
844 2851 916 2918 laxo,
941 2851 1057 2909 bracteis
1077 2854 1205 2920 setaceis,
1226 2853 1369 2929 pedicellis

255 2953 382 3010 floriferis
395 2952 565 3009 tenuissimis
588 2953 734 3008 fructiferis
755 2953 864 3009 bracteb
877 2953 1045 3029 capsulaque
1061 2953 1105 3010 vix
1117 2955 1302 3026 brevioribuS,
1320 2975 1369 3015 ca-

255 3056 322 3133 lycis
350 3053 527 3130 glabriuscnli
554 3051 659 3109 laciniis
687 3051 988 3129 elliptico-linearibus
1013 3054 1225 3127 obtusiusculis‚
1257 3059 1369 3119 corollae

255 3156 384 3215 vitellinae
399 3165 524 3232 angustae
540 3154 630 3231 palato
646 3156 814 3219 saturatiori,
838 3154 942 3214 calca-re
961 3158 1035 3214 tenui
1052 3154 1167 3217 curvnlo
1188 3161 1293 3218 corolla
1308 3160 1369 3220 lon·

254 3259 335 3338 giori,
358 3256 513 3318 seminibus
538 3257 890 3316 convexo-disciformibus
917 3258 1032 3317 laevibus
1062 3260 1367 3320 membranaceo-mar·

255 3365 365 3442 ginatis

294 3469 325 3524 t.
338 3468 441 3544 supine
457 3486 514 3523 var.
531 3467 648 3524 minima
660 3466 751 3524 Boiss.
769 3476 795 3523 et
809 3466 840 3521 L.
859 3465 961 3541 supino
976 3484 1003 3520 v.
1020 3465 1119 3540 glauca
1135 3468 1206 3546 Voy.
1224 3467 1286 3528 Bot.
1298 3469 1366 3547 Esp.

294 3572 365 3632 Hab.
398 3573 425 3629 in
452 3573 566 3648 regione
589 3571 682 3648 alpini
715 3570 817 3626 montis
847 3569 947 3625 Sierro
970 3569 1003 3626 de
1033 3567 1062 3627 lo
1091 3570 1174 3628 Nieoe
1199 3590 1249 3630 seu
1281 3570 1369 3631 Tolox

253 3673 424 3755 (Haenseler,
443 3675 535 3732 Boiss.
565 3683 593 3732 et
617 3671 736 3750 Renter)
758 3672 830 3728 circb
852 3672 952 3749 Estepo
977 3672 1003 3729 in
1022 3674 1162 3732 montanis
1179 3674 1366 3754 (Haensefer),

253 3779 324 3836 circb
343 3777 432 3836 Gudee
443 3777 539 3854 (berb.
550 3773 687 3852 Faucbe),
701 3774 728 3831 in
741 3775 814 3832 arvis
826 3777 951 3835 arenosis
964 3777 1034 3835 inter
1045 3775 1183 3836 Marbeffe
1191 3787 1218 3836 et
1229 3777 1368 3856 Estepono

253 3881 345 3939 Boiss.

293 3983 382 4041 Etiam
398 3980 537 4040 immerito
562 3981 593 4038 L.
619 3981 728 4058 supinae
745 3981 879 4038 associata
899 3999 914 4037 a
935 3982 989 4057 qut
1013 3979 1107 4038 differt
1129 3981 1256 4039 caulibus
1279 3979 1367 4038 multb

255 4083 426 4142 tenuioribus
447 4082 577 4140 brevibus
598 4082 767 4160 paucifloris,
790 4081 862 4138 foliis
888 4081 1018 4140 tenuibus
1033 4083 1107 4158 saepb
1126 4081 1366 4152 lineari-setaceis,

253 4187 395 4261 pedicellis
414 4186 545 4248 tenuibus
561 4185 709 4264 elongatis,
727 4183 832 4244 laciniis
843 4182 975 4260 calycinis
989 4183 1126 4260 angustis,
1142 4181 1247 4242 calcare
1262 4184 1367 4244 corollt
