3120 4772
735 347 780 409 67

238 539 401 596 Gauranum
417 537 582 593 llausrrnm
601 537 690 594 boiss.
708 549 734 593 et
749 537 831 594 lleut.
851 536 939 614 (Soet.
958 535 1210 611 Euomerentrou.)

236 688 267 746 C.
285 689 416 764 perennis
430 686 534 744 acaulis
551 686 749 746 rliizomatibus
768 689 897 746 tenuibus
911 690 1058 765 elongatis,
1083 688 1155 746 loliis
1181 687 1312 745 rosulatis

197 791 407 848 canescentibus
424 790 527 846 infimis
545 792 641 865 paucis
662 792 736 867 saep‘e
753 791 837 848 nullis
857 792 1155 869 lyrato·pionatisectis
1172 789 1234 846 lobo
1253 798 1313 846 ter-

197 894 290 950 minali
307 894 402 970 majori
421 893 567 950 rotundato
585 895 692 950 caeteris
710 896 827 951 tenuiter
839 905 865 951 et
881 895 1033 971 interrupte
1050 893 1241 971 pinnatisectis
1256 912 1318 969 seg·

197 997 299 1052 mentis
328 996 551 1071 ovato-oblongis
580 994 891 1054 lineari-lanceolatisve
920 999 1036 1073 integris
1066 998 1109 1054 vel
1141 996 1317 1054 denticulatis

196 1099 284 1156 acutis
303 1099 456 1156 minoribus
469 1100 646 1163 intermixtis,
664 1099 792 1176 capitulis
810 1102 859 1159 t-3
873 1102 899 1158 in
916 1101 1009 1159 rosuld
1024 1101 1180 1169 sessdibus,
1204 1101 1315 1158 involu-

196 1205 234 1261 cri
251 1203 354 1280 phyllis
375 1202 477 1279 glabris
492 1203 626 1260 viridibus
641 1204 807 1262 abeuntibus
829 1205 855 1260 in
878 1206 1061 1281 appendicem
1084 1205 1249 1262 brevissime
1272 1222 1315 1260 ro-

196 1306 522 1381 tundato-triangularem
547 1307 829 1364 araneoso-hirtulam
851 1308 958 1384 nigrant
978 1307 1022 1366 vel
1043 1308 1142 1385 pallido
1164 1308 1313 1365 lucescen-

197 1426 252 1469 rem
269 1413 351 1469 secus
365 1431 510 1488 squamam
522 1430 576 1469 non
594 1413 788 1470 decurrentem
806 1413 1049 1472 ciliato-serratam
1064 1415 1141 1491 apice
1156 1413 1184 1470 iu
1203 1413 1313 1489 spinam

196 1515 303 1590 nigram
320 1515 437 1571 validam
459 1515 565 1572 inlerub
587 1515 706 1572 ciliatam
724 1519 847 1592 superne
870 1518 1104 1596 erecto-patulam
1121 1519 1241 1593 squamd
1256 1517 1316 1593 ipsa

196 1617 281 1694 duplb
297 1618 453 1693 longiorem
468 1617 642 1693 productam,
659 1637 838 1695 squamarum
855 1621 1014 1678 intimarum
1027 1621 1228 1698 appendicibus
1241 1620 1315 1677 iner-

195 1720 288 1778 mibus
310 1721 466 1778 rotundatis
483 1720 627 1777 cucullatis
651 1721 775 1797 margine
799 1721 907 1790 laceriS,
935 1722 1059 1780 ssosculis
1082 1723 1200 1790 croceis,
1220 1722 1316 1780 achae-

197 1843 250 1881 nus
254 1868 313 1884 .....

240 1927 393 1984 Centaurea
405 1926 513 1987 ocaatlis
528 1927 562 1988 L.
584 1947 642 1988 var.
661 1926 817 1985 Hauseleri
831 1929 921 1987 Boiss.
940 1930 1010 2006 Voy.
1029 1931 1090 1989 ssor.
1111 1928 1192 2004 Esp.‚
1210 1937 1229 1984 t.
1246 1927 1313 1996 105,

198 2029 258 2091 DC.
279 2030 359 2107 prod.
374 2049 407 2088 ex
423 2040 511 2107 parte.

235 2130 306 2191 Hab.
325 2132 351 2187 in
368 2143 463 2188 monte
481 2132 577 2188 Sierro
592 2130 763 2209 d'Estepoua
779 2135 858 2208 regui
874 2133 1053 2192 Graneteusis
1070 2133 1196 2211 (Boiss.)

235 2234 390 2292 Observata
418 2253 491 2291 anno
511 2234 586 2291 1849
609 2237 678 2293 circ'a
698 2235 775 2293 Orant
794 2248 821 2294 et
846 2237 868 2292 T
868 2235 968 2294 lemseu
985 2239 1050 2294 verd
1070 2237 1098 2297 C.
1117 2235 1213 2294 acouli
1230 2235 1310 2294 Desl.

194 2358 241 2396 ees
257 2339 460 2396 diversissimas
476 2358 537 2397 esso
553 2341 692 2400 novimus.
710 2343 804 2400 Planta
819 2343 953 2401 Atlantica
968 2353 1011 2401 est
1023 2343 1110 2402 multb
1124 2345 1210 2421 major
1222 2345 1312 2401 omui-

195 2443 248 2500 bus
269 2443 404 2518 partibus,
421 2461 475 2499 non
495 2461 574 2513 cana,
597 2444 725 2502 loliorum
743 2446 896 2522 segmentis
913 2447 969 2505 basi
981 2449 1132 2506 attenuatis
1146 2447 1316 2524 subpetiola-

194 2545 285 2622 lisque
301 2545 456 2602 rotundatis
471 2547 601 2623 saepeque
627 2549 727 2605 iterum
742 2548 848 2626 lyratis,
865 2549 985 2626 capitula
1003 2550 1083 2625 triplb
1100 2551 1214 2624 majora,
1232 2566 1315 2623 squa-

194 2667 303 2706 marum
326 2649 494 2724 appendices
518 2650 852 2728 elongato-triangulares
873 2653 1018 2710 cucullatae
1041 2654 1068 2708 in
1088 2652 1197 2727 spinam
1220 2651 1314 2708 minias

195 2750 316 2809 validam
332 2752 485 2828 appendice
497 2752 557 2828 ipsd
574 2755 617 2810 vix
633 2755 788 2830 longiorem
804 2756 950 2822 abeuntes,
967 2755 1075 2812 flosculi
1086 2755 1150 2811 llari
1169 2772 1220 2811 nec
1235 2763 1266 2811 ut
1286 2755 1314 2812 in

195 2857 290 2914 nostrai
301 2855 401 2914 crocei.
419 2854 491 2931 Quid
503 2855 539 2912 sit
553 2857 684 2914 caeterum
701 2856 730 2914 C.
741 2855 851 2914 ooortlis
862 2857 897 2914 L.
914 2875 947 2914 ex
957 2856 1068 2924 Arabid,
1084 2856 1144 2914 solo
1155 2875 1313 2934 synonymo

194 2958 297 3017 Sbawii
309 2970 384 3028 nota,
403 2959 483 3016 valde
496 2958 611 3016 dubium
628 2970 680 3018 est.

235 3112 402 3168 Cuurnuuan
418 3111 563 3169 Borssrrm
575 3113 635 3170 DC.

242 3260 308 3319 Vor.
326 3259 495 3316 Neoadeusis
510 3261 600 3319 Boiss.
619 3272 646 3318 et
660 3263 744 3320 Rout.

235 3364 330 3421 lllinlas
346 3382 424 3433 caua,
449 3364 542 3423 caules
568 3367 735 3424 ramosiores
755 3368 951 3437 ascendeutes,
974 3369 1038 3427 lolia
1060 3369 1313 3444 oblongo-linearia

195 3486 282 3544 pauca
295 3468 423 3526 inleriora
442 3470 546 3527 remote
562 3470 777 3546 pinnati-lobata
790 3482 888 3527 caetera
904 3471 1012 3545 integra
1029 3469 1072 3527 vel
1085 3469 1147 3526 lolio
1165 3468 1240 3526 brevi
1257 3488 1312 3527 uno

195 3570 316 3628 alterove
330 3583 420 3641 aucta,
437 3592 617 3648 squamarum
632 3573 800 3650 appendices
818 3573 918 3650 pallide
929 3574 1113 3642 rulesoentos,
1130 3573 1239 3632 llosculi
1253 3572 1311 3651 pal·

195 3673 250 3729 lide
267 3676 351 3731 rosei.

236 3779 307 3835 Hab.
324 3779 351 3836 in
369 3779 465 3837 Sierra
483 3781 593 3839 Neoado
605 3783 664 3841 laco
680 3783 789 3841 Debeso
803 3784 836 3842 de
852 3782 943 3861 Dplor
960 3784 1031 3840 dicto
1046 3782 1194 3862 (Reater).

236 3883 448 3941 Charecteribus
464 3885 536 3943 inter
554 3886 582 3944 C.
603 3887 739 3945 Boissieri
755 3899 783 3947 et
801 3887 1021 3968 Carnonticolom
1036 3889 1115 3966 quasi
1135 3884 1309 3953 intermedia,

196 3989 246 4046 sad
270 4009 284 4046 a
311 3989 458 4067 posteriori
486 3991 612 4066 capitulis
643 3994 792 4068 majoribus
822 3993 1003 4053 subrotundis
1029 4013 1080 4054 nee
1105 3994 1194 4056 ovatis
1221 3988 1310 4061 magis

197 4091 311 4152 distans.
