3048 4780
782 340 828 402 ld

248 477 416 534 extremitate
444 481 592 554 purpurea,
623 480 693 555 stylo
726 491 833 536 exserto
862 483 989 556 stigmate
1017 485 1145 559 capitato,
1175 487 1360 562 leguminibus

246 579 401 652 purioribus
421 580 538 653 auguste
559 581 718 636 linearibus.

289 681 433 740 Corondlo
444 681 585 739 Atlantica
599 684 689 743 Boiss.
707 695 733 741 et
749 683 854 741 Reuter
870 687 895 740 in
915 686 965 742 litt.
984 686 1016 743 od
1032 688 1055 744 el
1085 689 1206 746 Durienl

285 787 355 843 Hab.
372 787 405 844 ad
421 786 497 842 basin
516 785 633 844 Atlantis
650 790 732 862 supra
753 785 855 842 Blidoli
869 788 1018 864 (Boissier,
1036 790 1123 866 Aprili
1142 789 1243 867 tate).

285 891 380 948 Planta
399 890 493 946 habitu
511 901 538 946 et
560 890 749 966 magnitudine
774 891 873 947 llorum
897 892 1086 968 Securiperom
1107 893 1274 950 corouillom
1296 915 1361 953 om-

244 995 309 1050 niub
325 994 446 1050 reserens
460 993 509 1050 sed
525 993 557 1049 ab
572 996 604 1050 ed
618 993 729 1070 egregie
744 993 870 1050 distincta
885 996 996 1070 stipulis
1017 997 1188 1055 renilornnb.
1215 998 1311 1074 ΨΜ
1325 1001 1359 1075 ¹l,

246 1099 293 1152 lin.
312 1097 358 1152 lot.
374 1095 466 1171 wie
489 1097 577 1172 longis
600 1115 649 1154 nee
662 1097 820 1154 lanceolutis
846 1099 948 1172 parvis,
972 1100 1100 1158 dentibus
1115 1101 1245 1178 calyciuis
1266 1103 1360 1161 miuus

244 1201 398 1276 pinsandis,
417 1201 531 1259 lloribus
546 1202 653 1258 carneis
669 1219 719 1258 uec
736 1201 827 1269 luten,
840 1202 1026 1276 leguminibus
1047 1205 1102 1280 jain
1126 1206 1152 1260 in
1167 1215 1241 1262 statu
1256 1207 1359 1282 juniori

243 1307 408 1381 comparatis
424 1307 642 1381 angustioribus
663 1305 809 1364 Coronillo
828 1307 962 1364 Creticae
979 1311 1073 1366 nostra
1091 1310 1201 1385 longilts
1214 1309 1296 1368 distat
1310 1313 1361 1368 stin

243 1412 314 1489 pulis
331 1411 536 1477 rniuutissinriS,
551 1411 664 1467 {loribus
686 1411 798 1468 dimidib
818 1412 982 1478 minoribus,
1007 1423 1060 1468 etc.
1085 1413 1141 1469 Etsi
1160 1413 1300 1488 legumina
1314 1417 1358 1492 ju-

242 1517 317 1572 niora
347 1513 454 1570 tantiam
478 1513 639 1581 viderimus,
659 1513 825 1587 Securiycrur
855 1532 904 1570 nec
937 1513 1088 1572 Coram'llu
1111 1517 1359 1577 adnumeravimus

243 1619 305 1692 qnia
321 1617 395 1673 nulla
411 1626 553 1692 septorum
572 1617 688 1692 vestigia
704 1616 832 1692 detegere
848 1619 1002 1694 potuimus·

282 1770 463 1827 Hierocunrrs
479 1767 629 1825 Slnznannr
646 1767 735 1825 Boiss.
753 1778 779 1824 et
799 1768 903 1826 lleuter
926 1769 953 1825 in
968 1768 1068 1846 Diagn.
1088 1771 1125 1846 pl.
1140 1790 1181 1828 or.
1195 1771 1225 1839 9,
1240 1791 1266 1850 p.
1287 1773 1356 1830 tot.

279 1921 313 1977 H.
328 1939 419 1977 annua
437 1919 541 1996 glabra,
560 1919 684 1977 caulibus
697 1920 828 1977 flexuosis
850 1922 979 1989 ramosis,
994 1920 1104 1997 stipulis
1122 1922 1359 1999 triangulari-lan-

237 2024 350 2083 ceolatis
368 2023 465 2089 acutis,
490 2022 589 2079 loliolis
605 2022 861 2098 oblongocuneatis
880 2031 927 2078 aut
943 2023 1093 2080 linearibus
1110 2025 1226 2092 retusis,
1244 2025 1358 2102 pedun-

239 2128 307 2186 culis
323 2127 387 2185 lolio
411 2125 594 2202 longioribus,
615 2125 742 2182 umbellis
760 2123 777 2180 ὅ
795 2123 812 2181 6
829 2124 917 2193 lloris,
935 2124 1035 2202 calycis
1053 2125 1184 2184 dentibus
1202 2129 1357 2203 triangula·

238 2233 314 2289 ribus
331 2231 395 2287 tubo
413 2229 597 2296 brevioribus,
615 2228 802 2304 leguminibus
818 2227 1011 2303 glabriusculis
1023 2231 1153 2298 arcuatis,
1171 2230 1354 2289 articulorum

238 2335 356 2391 sinubus
377 2332 530 2390 rotundatis
545 2332 577 2388 ad
602 2333 786 2390 extrinsecum
807 2349 1018 2407 convexumque
1043 2332 1114 2390 latus
1137 2334 1353 2410 pertinentibus⁸

280 2437 349 2494 Hab.
370 2437 396 2492 iu
413 2453 499 2511 regno
516 2437 678 2494 blarocruno
690 2435 775 2512 prope
793 2435 931 2510 Tinpidem
942 2433 1042 2492 Salznr.
1056 2435 1063 2493 l
1078 2436 1168 2496 Boiss.
1183 2447 1210 2496 el
1221 2438 1318 2509 licut,
1328 2440 1357 2495 in

239 2539 370 2617 Hispania
387 2537 472 2614 prope
493 2535 581 2594 Gades
598 2537 681 2594 Herb.
700 2537 811 2595 Fauchr'a
824 2535 831 2594 l
845 2535 1008 2612 Bourgean!
1024 2537 1139 2597 llantur.

281 2644 365 2720 Hipp.
384 2642 481 2699 scabro
495 2640 575 2698 Coss
596 2650 653 2698 not..
676 2640 714 2717 pl.
730 2659 790 2717 esp.
805 2659 861 2698 non
873 2640 933 2701 Dc,

280 2749 319 2808 ll.
334 2743 559 2822 multisilipoosae
575 2744 653 2803 valde
670 2743 761 2800 allinis
777 2753 803 2801 et
823 2761 886 2800 cunr
910 2747 940 2800 ea
964 2745 1109 2820 bucusque
1133 2747 1247 2804 conlusa
1265 2747 1298 2804 ab
1321 2751 1356 2806 ed

239 2853 336 2910 exinti‘e
351 2851 443 2908 dillert
461 2849 625 2927 pedunculis
637 2847 701 2906 lolio
717 2847 888 2922 longioribus
906 2867 956 2906 nec
973 2850 997 2906 id
1013 2849 1253 2924 sribaequautibuS,
1278 2851 1355 2909 llari·

238 2956 289 3011 bus
305 2954 390 3028 duplb
406 2953 555 3028 majoribus
570 2952 611 3008 eis
633 2951 722 3026 Hipp.
746 2967 858 3006 comosoe
879 2951 1040 3013 simillimis,
1066 2951 1196 3010 dentibus
1221 2953 1356 3032 calycinis

238 3056 380 3114 latioribus
403 3055 467 3111 tubo
491 3051 663 3109 brevioribus
684 3069 735 3109 nec
757 3070 821 3110 euin
845 3054 1039 3130 aequantibus3
1064 3056 1202 3131 legumina
1226 3058 1355 3133 ejusdem

239 3163 334 3216 lornaae
350 3155 477 3215 suntsed
497 3153 592 3212 latiora
606 3153 626 3212 ἢ
644 3155 730 3212 lineas
745 3167 792 3211 aut
811 3155 932 3231 arnplilrs
954 3157 1015 3212 lata.

282 3261 463 3340 Hippocrepis
474 3259 570 3316 scabro
581 3259 661 3316 Coss.
679 3259 745 3316 Not.
765 3259 803 3335 pt.
819 3259 884 3337 Esp.
903 3278 930 3336 p.
948 3259 997 3328 37,
1010 3279 1065 3318 non
1082 3260 1138 3320 bc.
1159 3270 1201 3319 est
1213 3261 1356 3338 ipsissima

240 3371 275 3425 H.
290 3367 458 3426 Sulzmunni
475 3364 565 3422 Boiss.
582 3363 616 3420 ab
637 3363 675 3420 ll.
692 3363 789 3420 scabro
804 3362 861 3420 DC.
883 3373 938 3420 toto
960 3363 1028 3420 coelo
1044 3363 1162 3423 diversa.
1182 3367 1248 3422 llaec
1273 3365 1356 3442 cujus

239 3475 381 3550 specimen
411 3471 522 3529 unicum
539 3487 552 3524 a
571 3469 693 3544 Lagasca
711 3467 827 3525 missum
844 3478 871 3524 et
893 3467 983 3524 radice
1005 3467 1133 3524 orbatum
1149 3467 1176 3522 in
1192 3467 1270 3524 herb.
1289 3467 1351 3527 DC.

239 3576 407 3634 contulimus
420 3593 469 3652 per
482 3590 605 3630 errorent
621 3582 651 3629 ut
665 3589 757 3629 annua
772 3569 887 3626 indicata
907 3569 967 3626 luit.

281 3731 359 3786 Vrcm
375 3726 503 3784 Duarum
519 3725 609 3782 Boiss
628 3723 728 3798 [liugn.
750 3721 788 3797 pl.
807 3739 846 3778 or.
868 3741 895 3778 n.
911 3721 940 3790 9,
952 3741 979 3798 p.
1003 3720 1068 3780 llb.

280 3885 314 3942 V.
346 3877 494 3960 perennis?
524 3876 685 3954 parcissime
713 3885 741 3932 et
760 3874 892 3952 adpress'e
916 3875 1045 3952 pilosula,
1074 3875 1199 3934 caulibus
1221 3877 1355 3935 tenuibus

239 3987 377 4066 angulatis
394 3980 606 4048 scandentibuS,
636 3979 707 4036 loliis
733 3978 862 4036 brevibus
882 3979 898 4036 d
916 3981 989 4056 jugis
1015 3979 1115 4038 loliolis
1140 3979 1268 4057 ellipticis
1293 3980 1355 4039 basi

238 4105 264 4150 et
282 4093 359 4168 apice
383 4083 536 4142 rotundatis
558 4081 767 4150 rnucronulatis,
800 4081 902 4158 petiolo
925 4083 953 4138 iu
980 4083 1104 4140 cirrhum
1128 4083 1285 4161 simplicem
1306 4083 1356 4143 vel

239 4212 379 4252 ramosum
392 4189 513 4255 abeunti,
533 4185 633 4264 stipuld
656 4185 872 4260 serni-sagittata
894 4185 997 4244 laciniis
1015 4187 1170 4244 nervulosis
1191 4187 1353 4248 lanceolatis
