3048 4780
789 311 830 375 18

252 475 305 512 non
324 465 454 521 erectam,
471 456 577 512 sentina
594 453 705 510 dinridib
718 454 823 510 minora
840 453 1152 528 renilorinicomprossa
1169 454 1252 509 dorso
1264 470 1364 510 conca·

251 558 375 615 uiuscula
394 558 554 616 tenuissimd
571 558 713 633 rugulosa.

289 709 388 766 Sileno
403 710 627 768 eiunnssrnrsn
644 708 732 766 Boiss.
750 718 776 766 el
792 709 876 766 lleut.

287 863 316 920 S.
332 880 436 930 annuo,
452 862 557 938 punrila
573 880 587 917 a
604 860 661 918 basi
679 860 868 918 ramosissima
886 869 940 917 tota
956 861 1019 937 pilis
1036 863 1216 939 pupillaribus
1231 863 1362 922 flexuosis

247 967 361 1034 viscida,
387 965 510 1023 caulibus
531 963 636 1022 foliosis
655 964 814 1021 dichotom‘e
836 965 965 1032 ramosis,
985 963 1056 1023 loliis
1079 967 1362 1042 oblongo-linearibus

246 1070 439 1128 lanceolatisve
454 1067 598 1126 sessilibus
614 1067 767 1124 uninerviis
794 1067 970 1124 inlerioribus
990 1068 1188 1126 obtusiuseulis
1210 1070 1361 1145 superiori·

244 1175 296 1231 bus
307 1173 472 1249 angustatis
488 1170 603 1228 floribus
618 1170 651 1227 ad
667 1169 864 1227 dichotomiam
880 1169 1003 1226 infimam
1020 1169 1046 1225 in
1062 1170 1151 1227 axillis
1163 1171 1290 1227 loliorum
1303 1171 1362 1228 sitis

245 1277 505 1353 terrninalibusquo,
527 1274 620 1352 calyce
646 1273 786 1330 lructiloro
808 1273 902 1329 exacto
922 1272 1073 1349 cylindrico
1097 1273 1156 1330 basi
1180 1283 1304 1330 truncato
1326 1273 1363 1330 l0

245 1380 434 1438 viridi-striato
450 1376 774 1455 papillari-viscidissimo
794 1376 821 1431 in
840 1375 857 1431 5
879 1375 976 1432 dentes
999 1376 1097 1452 longos
1112 1377 1279 1434 lanceolatos
1293 1395 1361 1435 acu-

244 1497 285 1541 tos
300 1482 423 1544 abeunti,
442 1480 597 1557 petolorum
615 1497 759 1537 noseorum
778 1477 862 1534 limbo
877 1490 993 1535 cuneato
1014 1479 1185 1554 emarginato
1201 1477 1290 1537 bilobo
1311 1497 1360 1556 ap-

244 1582 406 1661 pendicibus
433 1581 523 1639 bifidis
548 1580 676 1648 exsertis,
703 1579 841 1656 pedicello
868 1579 1008 1637 lruetilero
1032 1599 1095 1638 curn
1121 1581 1232 1656 capsuld
1255 1582 1362 1657 patulo-

243 1687 368 1754 rclracto,
387 1684 499 1762 capsula
514 1682 633 1760 penduld
650 1684 730 1739 ovatd
745 1681 920 1757 carpophoro
936 1701 987 1739 suo
1002 1683 1077 1740 brevi
1093 1683 1166 1740 alato
1185 1702 1278 1742 crasso
1296 1684 1359 1742 lon-

241 1791 322 1865 giori,
339 1787 494 1846 seminibus
519 1785 810 1843 renilormiconvexis
832 1785 971 1860 plumbeis
989 1786 1151 1844 tenuissime
1171 1787 1358 1844 areolato-ru-

240 1891 346 1968 gulosis
362 1889 519 1966 peripheria
536 1886 719 1965 planiusculis
735 1886 777 1942 vel
789 1888 930 1946 convexis.

285 1993 377 2052 Silene
391 1991 492 2050 villosa
502 1991 524 2048 F
527 1991 591 2048 orsk
601 2009 659 2047 var.
676 1990 906 2050 nuneCombess.
923 1990 982 2048 Bal.
999 2001 1020 2051 t.
1040 1993 1086 2050 13.
1101 1994 1191 2055 Roiss.
1204 1995 1275 2072 Voy.
1287 1995 1355 2073 Esp.

271 2073 348 2156 'Han
380 2097 408 2153 in
437 2093 563 2153 arenosis
594 2094 738 2152 maritimis
769 2093 924 2151 Balentium
943 2094 1126 2173 (Cambess.),
1160 2095 1355 2171 Gidroltepier.

236 2203 342 2280 (Roiss.
363 2200 461 2271 Reut.)

174 2281 177 2286 ¹
278 2305 357 2361 Hanc
372 2303 495 2380 speeiem
506 2302 553 2359 diii
567 2319 617 2378 pro
632 2302 764 2359 varietate
781 2301 811 2358 S.
833 2300 987 2378 lusiostyloe
1001 2304 1091 2362 Roiss.
1110 2304 1211 2381 lliagn.
1230 2319 1264 2363 n⁰
1278 2305 1306 2364 8.
1319 2342 1358 2352 -

241 2409 270 2465 S.
282 2407 390 2465 villoso
401 2416 475 2464 auct.
485 2407 565 2482 Hisp.
576 2424 631 2462 non
645 2404 781 2462 Forskahl
790 2404 887 2475 habui,
897 2406 946 2464 sed
955 2411 1111 2482 comparata
1123 2410 1200 2485 copia
1210 2408 1356 2468 meliorum

236 2513 419 2590 specimiuum
435 2530 508 2569 anno
532 2510 607 2568 1849
624 2510 757 2568 lectorum
780 2511 813 2568 ab
834 2513 866 2568 ed
883 2511 982 2569 eximi'e
999 2512 1156 2570 distinctam
1178 2515 1301 2590 comperi
1321 2515 1357 2572 ob

236 2619 329 2676 caules
343 2617 511 2675 ramosiores
527 2615 553 2671 in
572 2613 749 2672 dichotomiis
765 2611 868 2670 infimis
884 2612 1031 2682 ssorileros,
1053 2615 1115 2672 lolia
1138 2615 1230 2673 latior-a
1246 2616 1354 2674 brevio-

237 2741 335 2799 raque,
351 2720 466 2778 limbum
480 2719 634 2796 petalorum
646 2717 849 2786 abbreviatum,
865 2718 967 2795 calyeis
981 2718 1079 2776 dentes
1095 2738 1150 2775 non
1166 2731 1262 2778 ovatos
1274 2720 1357 2778 obtu-

236 2843 294 2891 sos,
318 2823 460 2899 capsulam
484 2822 634 2898 pendulam
652 2839 703 2878 nec
720 2822 748 2876 in
769 2820 928 2896 pedunculo
943 2821 1060 2878 refracto
1084 2835 1202 2879 erectam
1222 2825 1356 2900 majorem

233 2936 341 2984 oratam
359 2943 410 2982 nec
426 2924 550 2982 conicum
566 2925 643 2998 apice
666 2923 780 2980 minimb
796 2933 977 2991 attenuatam,
995 2924 1101 2981 semina
1117 2943 1172 2982 non
1186 2926 1356 2984 tuberculala

235 3031 284 3090 sed
303 3028 468 3088 tenuissimis
483 3027 615 3086 arcolata.
632 3059 671 3070 -
689 3026 719 3082 S.
737 3023 841 3083 villose
855 3027 956 3084 Forsk.
973 3027 1061 3103 magis
1079 3027 1169 3085 allinis
1185 3029 1276 3086 differt
1290 3048 1354 3087 cau-

235 3133 306 3191 libus
319 3131 440 3200 diffusis,
459 3129 613 3206 potalorum
631 3129 771 3205 unguibus
785 3129 914 3196 exsertis,
931 3129 1024 3207 calyce
1043 3130 1164 3187 ssorilero
1176 3131 1292 3199 clavato,
1305 3151 1355 3190 se-

235 3236 356 3296 minibus
370 3233 455 3312 duplb
471 3233 620 3310 majoribus
644 3232 822 3291 tuberculatis
842 3235 923 3292 sociis
945 3234 1130 3311 peripheriam
1152 3235 1352 3295 canaliculatis.

234 3336 430 3414 -Descriptio
447 3335 478 3396 S.
495 3335 683 3392 adscendentis
695 3335 765 3411 Lag.
786 3334 816 3391 S.
832 3333 983 3410 lusiostyloe
995 3335 1120 3410 pluribus
1137 3336 1208 3394 uotis
1223 3338 1354 3395 convenit

233 3443 280 3500 scd
310 3441 345 3499 ob
366 3441 480 3498 nimiam
505 3439 667 3496 brevitatem
691 3439 783 3495 lorsan
815 3456 925 3512 quoque
951 3437 983 3493 ad
1012 3438 1078 3494 alias
1100 3439 1208 3514 species
1231 3459 1246 3498 e
1268 3459 1353 3517 grego

236 3547 266 3602 S.
280 3544 475 3602 ramosissimis
485 3552 601 3618 spectat.

274 3700 374 3756 Sicine
388 3711 581 3752 monolinum
599 3693 689 3752 Boiss.
708 3702 736 3750 et
752 3692 835 3752 Reut.

274 3847 302 3904 S.
320 3863 423 3914 annua,
435 3843 560 3902 caulibus
573 3843 705 3901 teretibus
720 3862 734 3901 u
751 3844 808 3902 basi
826 3845 943 3902 ramosis
959 3845 1055 3904 crebrb
1070 3855 1096 3903 et
1111 3846 1204 3904 erasse
1218 3845 1352 3903 articula-

235 3948 392 4011 to·nodosis
408 3947 513 4006 loliosis
524 3946 631 4005 inlernb
648 3945 699 4004 sub
713 3947 786 4006 lento
801 3947 1094 4024 pruinoso-puberulis
1107 3948 1230 4025 supernd
1249 3959 1278 4006 ut
1296 3956 1353 4005 tota

232 4058 324 4135 planta
350 4052 454 4132 glabris
477 4052 599 4121 viscidis,
631 4051 704 4110 loliis
726 4051 844 4111 obscurd
868 4051 1021 4110 virentibus
1043 4053 1167 4128 margine
1195 4051 1352 4110 serrulato-

232 4160 334 4221 scabris
347 4157 523 4218 interioribus
535 4155 662 4234 oblongis
672 4155 729 4214 basi
742 4157 769 4213 in
782 4155 915 4233 petiolum
929 4155 1079 4215 attenuatis
1091 4155 1198 4215 obtusis
1210 4157 1254 4216 vel
1263 4156 1351 4215 acutis
