3120 4772
758 331 823 392 lllll

276 501 403 555 luiruutr
421 512 615 552 nrrznorurutr
634 495 719 552 Boiss.
735 504 762 550 et
774 493 857 550 Retrt.
873 492 961 569 (Seel.
980 494 1191 548 Mocrorentron
1209 487 1348 563 ,lstegroel

279 627 309 680 lt.
326 623 397 678 loliis
410 623 567 678 numerosis
588 621 704 695 angusto
724 619 873 676 linearibus
890 618 1042 675 setaceisre
1062 617 1157 691 rigidis
1175 617 1275 674 erectis
1297 635 1354 674 sfe-

237 729 299 804 piirs
317 726 485 800 longissimis
501 725 592 781 crasse
609 724 761 780 uninorviis
774 735 851 798 parte
869 721 991 778 interiori
1009 721 1043 778 ob
1060 739 1176 777 nervunr
1190 723 1354 797 prominen-

239 847 291 889 tour
313 832 507 905 subtr-iquotris
522 829 643 904 superub
662 829 751 902 nlnuis
766 828 853 884 neritis
866 827 918 884 sub
938 827 1011 884 lente
1031 827 1197 884 brevissinr'e
1213 827 1354 902 puberulis

238 937 329 1012 scapis
351 936 440 1009 longis
462 933 556 1006 rigidis
574 933 643 988 loliis
667 933 838 1006 longioribus
855 931 1122 1006 sublatioribusque,
1141 931 1275 986 involucri
1293 930 1353 1006 plu·

240 1037 355 1092 riserinti
372 1035 475 1112 plryllis
495 1034 594 1109 pollirlb
611 1034 744 1089 brunneis
760 1034 882 1089 enerviis
900 1033 933 1088 ab
955 1032 1058 1089 inbutis
1078 1033 1230 1089 retundatis
1248 1034 1355 1089 rontiris

241 1141 283 1196 vel
300 1141 342 1196 rix
356 1139 554 1196 ruurrouulutrs
570 1138 601 1194 ad
622 1138 716 1193 intirna
732 1137 849 1193 oborato
862 1135 982 1212 elliptien
998 1135 1103 1192 sensim
1123 1137 1209 1194 auctis
1227 1137 1356 1193 omnibus

243 1244 294 1300 toro
317 1243 563 1318 albo-ruargiuuris,
587 1241 703 1297 brauteis
727 1239 941 1296 interlloralibus
964 1239 1109 1303 obsoletis,
1133 1240 1266 1316 pedicello
1292 1239 1356 1296 tubo

242 1347 364 1423 ralyoino
383 1345 498 1418 longiori
519 1344 607 1400 ralcar
627 1343 712 1418 dnplb
728 1343 882 1418 superanti,
904 1342 1004 1419 ealyeis
1025 1343 1089 1400 tubo
1113 1342 1355 1417 elongato-conire

242 1450 346 1506 ralcoro
364 1448 445 1524 paulo
457 1448 573 1521 longiori
593 1447 625 1503 ad
642 1457 732 1503 costas
748 1447 892 1522 primarias
910 1454 937 1502 et
948 1446 1059 1522 parcitis
1070 1446 1103 1502 ad
1118 1445 1293 1502 secundarius
1308 1445 1356 1501 ad-

242 1551 338 1627 pressb
354 1551 473 1617 lrirsuto,
493 1551 568 1606 lirnbi
587 1551 651 1607 tubo
671 1549 819 1625 aequilougi
838 1550 907 1607 lobis
930 1551 1085 1608 rotundatis
1101 1549 1232 1607 obsoletis
1248 1549 1275 1604 in
1292 1567 1359 1604 rnu-

243 1674 354 1712 eronorn
369 1665 494 1712 teneruru
511 1655 603 1710 subitb
617 1655 775 1710 contructis¹

284 1760 421 1816 Alloticu
440 1778 497 1815 var.
520 1757 694 1835 stenopbylln
710 1758 799 1814 llniss.
824 1759 849 1813 in
871 1756 930 1814 DC.
949 1758 1044 1818 l‘rodr.
1068 1759 1099 1814 ,4.
1118 1755 1253 1835 pinifoliu
1268 1756 1361 1813 Bour-

245 1879 314 1935 geau
333 1861 408 1936 plant
423 1861 502 1936 llisp.
517 1879 576 1916 ers.
606 1859 682 1916 tute
699 1878 753 1915 non
767 1859 859 1919 llorrn.
878 1870 903 1916 et
919 1859 984 1917 Seli.

286 1963 355 2021 Hab.
375 1964 400 2018 in
417 1964 503 2039 sylvis
524 1964 648 2020 arenosis
667 1963 808 2039 Hispaniae
824 1963 952 2019 australis
970 1963 1040 2020 eirrb
1060 1961 1149 2019 Gades
1164 1963 1209 2041 (b.
1228 1959 1358 2018 Fouebe!

247 2070 393 2144 Bourgeau
410 2081 443 2122 n⁰
456 2067 489 2124 dl
500 2067 612 2145 l]inter
627 2067 800 2124 illnrornirnn
812 2077 839 2124 et
857 2068 915 2123 Son.
931 2068 1024 2144 Reque
1039 2067 1146 2146 (Bniss.
1164 2079 1191 2123 et
1202 2065 1304 2144 Reor.)
1316 2066 1357 2122 Fl.

247 2175 314 2248 dpr.
335 2174 418 2230 lllaio.

287 2276 368 2350 Scupi
383 2274 434 2331 9-3
453 2275 575 2350 pedales,
593 2276 655 2332 lolia
673 2277 750 2350 'istst
768 2275 848 2333 linere
867 2277 955 2332 rarius
968 2274 1067 2332 linearn
1081 2275 1144 2343 lata,
1163 2273 1231 2329 6-t0
1247 2273 1361 2349 pollices

248 2379 328 2453 longa
344 2378 418 2452 serpe
432 2378 549 2453 pedalia,
568 2377 687 2452 capitula
706 2397 815 2454 niagno,
834 2378 944 2435 corollae
961 2397 1060 2438 roser-e.
1081 2378 1148 2434 l'ira
1169 2378 1313 2434 observate
1327 2377 1361 2432 ab

249 2483 281 2538 Α,
304 2481 407 2538 Bretiod
429 2481 503 2538 cert'e
523 2481 614 2537 dillert
636 2481 708 2538 loliis
730 2484 856 2558 angustis
880 2482 970 2557 longis
997 2482 1172 2558 rigidioribus
1198 2480 1362 2548 uninerviiS‚

248 2587 351 2665 phyllis
373 2585 425 2642 latb
441 2605 491 2643 nec
511 2585 629 2661 auguste
648 2584 779 2661 byalinis,
804 2585 920 2642 bracteis
946 2585 1090 2652 obsoletis,
1114 2585 1229 2643 lloribus
1253 2584 1364 2660 longibs

249 2688 430 2764 pedieellatis,
449 2687 558 2746 tandein
574 2687 643 2744 lobis
658 2687 759 2766 enlyeis
770 2687 942 2746 brevissimis
955 2707 1006 2745 nec
1024 2688 1237 2765 triangularibus
1249 2687 1365 2764 abrupt'e

251 2812 304 2852 uec
318 2793 424 2851 sensim
441 2792 601 2850 aristolaus
622 2794 655 2848 A.
668 2791 800 2869 pinr'solin
815 2792 851 2848 ll.
873 2803 899 2849 et
914 2791 978 2850 Seli.
1002 2811 1035 2848 ex
1049 2791 1194 2849 Lusitanid
1206 2792 1288 2848 babet
1302 2791 1365 2849 lolia

251 2899 366 2954 birtiora
383 2897 506 2953 tenuiora
525 2897 578 2951 totrl
596 2896 767 2969 longitudine
788 2896 988 2971 subtriquetrn,
1007 2897 1254 2971 capitularninora,
1271 2896 1364 2973 pbylla

250 2997 373 3056 velutinu
391 2995 579 3052 nrultiserialia
596 2995 794 3069 angustissime
807 2997 929 3072 byalina,
945 2999 1055 3054 tandein
1069 2976 1169 3076 ealycis
1182 2999 1259 3058 lobos
1270 3009 1365 3057 anulos

250 3103 333 3177 longe
346 3100 473 3157 aristatas
486 3097 638 3174 tubunique
652 3095 772 3153 rnolliter
786 3099 997 3174 pubescentem.

292 3204 326 3260 A.
347 3202 457 3258 Breticae
473 3221 531 3260 rar.
555 3199 733 3278 stenopbyllro
755 3220 856 3258 nornen
882 3204 1049 3260 serrandum
1073 3206 1174 3281 pleone
1191 3226 1205 3263 a
1224 3208 1259 3265 cl.
1278 3208 1367 3266 Bour-

252 3327 322 3386 geau
338 3307 390 3365 sub
407 3307 438 3363 n⁰
453 3307 511 3363 tt5
524 3307 551 3363 in
566 3304 688 3363 Pinulde
701 3304 835 3362 Cln'clnnn
847 3305 922 3364 lectae
934 3317 959 3364 et
972 3327 1033 3382 quae
1046 3309 1078 3364 ad
1089 3312 1121 3364 tl.
1132 3310 1262 3367 Birticorn
1274 3331 1366 3368 rerurn

252 3422 358 3489 spectat
373 3411 500 3486 foliisque
515 3410 721 3486 angustissimis
743 3409 874 3467 brevibus
891 3410 1001 3486 gaudet.
1021 3413 1054 3467 il.
1079 3413 1184 3470 Breticoe
1207 3416 1366 3474 varietatem

251 3516 425 3574 leucantbonr
446 3517 471 3571 iu
489 3515 597 3590 pascuis
609 3516 678 3571 eircb
699 3513 758 3570 San
775 3514 868 3590 Reque
886 3534 996 3590 quoque
1015 3517 1146 3593 legirnus.

293 3621 326 3673 Α.
346 3619 534 3674 Boissierinnn
551 3618 657 3674 Cosson
683 3617 708 3671 in
736 3617 774 3692 pl.
800 3617 948 3691 Bourgeau
974 3618 1050 3676 lssd9
1073 3632 1172 3696 pireter
1195 3622 1368 3679 bractearum

254 3720 436 3778 deficientiam
451 3721 523 3776 loliis
539 3720 659 3776 flaccidis
675 3718 807 3794 lirnbique
824 3720 955 3797 ealyeiuis
979 3722 1049 3780 lobis
1066 3725 1177 3782 tenuibs
1199 3726 1319 3783 aristatis
1334 3727 1367 3782 ab

253 3827 287 3881 Λ,
305 3823 409 3879 Retico
426 3823 518 3879 dillert
540 3832 566 3879 et
583 3822 761 3898 probabiliter
785 3824 827 3895 (d.
850 3827 982 3888 trottae
1006 3826 1080 3883 bii-to
1095 3829 1203 3906 Boiss]
1221 3829 1258 3887 illi
1275 3829 1366 3906 potiris

254 3945 335 4004 quarn
355 3927 387 3980 il.
412 3926 519 3982 Bretina
534 3926 676 3983 reserenda
694 3938 746 3983 est.

292 4063 424 4117 durruutr
439 4070 571 4110 t'nrurruo
582 4054 742 4112 lVelnitseb
756 4055 782 4112 in
800 4057 850 4114 litt.
863 4058 935 4114 Sect.
948 4057 1155 4116 Macrocentron
1167 4059 1364 4133 traoroanioe.

296 4185 325 4237 ll.
353 4183 408 4239 lusi
427 4183 626 4240 ¹sull'rutosoons
652 4193 704 4238 toto
730 4183 850 4239 breviter
873 4195 897 4239 ot
921 4185 1006 4242 dense
1023 4187 1153 4247 velutina,
1172 4187 1243 4242 loliis
1266 4189 1365 4245 erassis
