3120 4772
774 319 819 384 M

239 465 349 540 guimus
374 481 485 541 quoque
509 465 631 538 plantam
657 461 853 520 Nevadensem
879 461 910 516 L.
936 457 1100 538 crussifolioe
1129 456 1244 535 propibs
1272 455 1352 531 quam

239 567 271 623 L.
291 563 478 643 oripuaifolioe
490 563 601 622 aifinem
619 575 646 622 et
657 564 690 621 ab
706 565 738 622 et
753 561 879 622 caulibus
895 561 1038 638 pedalibus
1054 569 1081 618 et
1094 559 1175 627 ultra,
1193 557 1354 616 indumento

241 668 389 745 copiosiori
411 677 438 726 et
459 668 486 724 in
502 675 579 744 parte
599 665 722 724 inferiori
740 665 842 742 plantae
858 671 887 721 ut
907 664 936 721 in
952 665 985 721 ed
1002 680 1145 738 nunquam
1160 659 1289 728 evanido,
1307 678 1355 717 ra-

240 771 326 830 cemis
339 770 407 828 laxis
423 789 474 828 neo
488 769 583 847 plantd
597 769 680 828 etiam
691 769 831 826 fructifera
841 767 1079 845 subcorymbosis,
1091 763 1253 842 pedunculis
1267 763 1355 840 polli-

241 873 348 932 caribus
364 883 391 932 et
404 873 485 941 ultra,
502 871 608 930 laciniis
630 871 760 950 calyoinis
776 870 863 929 acutis
878 869 1087 947 divergentibus
1105 885 1157 926 nec
1176 866 1355 942 adpressius-

241 975 310 1034 culis
333 975 502 1033 distinctam.
526 975 651 1051 Utraque
666 974 749 1031 babet
763 981 853 1031 costas
879 973 1020 1032 seminum
1046 969 1230 1029 tuberculatas
1252 985 1305 1027 nec
1326 977 1358 1024 ut

242 1077 272 1133 L.
291 1075 478 1154 oripanisolitl
502 1076 586 1137 laeves
614 1077 642 1133 in
666 1077 698 1134 L.
729 1075 888 1154 crusslfolio
906 1094 1017 1152 quoque
1039 1075 1067 1132 in
1085 1074 1180 1146 Sierre
1197 1071 1309 1132 Ncoudo
1323 1069 1358 1127 ed

243 1179 372 1256 Dornajo
388 1180 497 1238 crescit.

282 1331 402 1390 Lruanra
420 1346 559 1396 oninnosa
573 1329 664 1388 Boiss.
682 1339 709 1388 et
726 1329 810 1388 Reut.
828 1328 918 1406 (Sect.
938 1326 1193 1404 caenon-tanum).

283 1483 319 1540 L.
342 1483 473 1559 perennis
495 1481 639 1558 caespitesa
662 1481 769 1539 interne
785 1479 961 1556 glabresceus
983 1480 1106 1556 partibus
1125 1479 1266 1538 [letalibus
1282 1480 1356 1538 lana-

246 1584 425 1655 to-riscidula
443 1583 568 1642 caulibus
590 1582 766 1643 filiiormibus
788 1582 938 1640 bumilusis
960 1582 1020 1640 eliis
1040 1582 1228 1640 subterraneis
1245 1583 1359 1641 stoloni-

244 1687 379 1747 lormibus
396 1686 585 1763 squamulosis
608 1686 669 1744 aliis
693 1686 800 1744 foliosis
824 1685 997 1744 extremitate
1018 1703 1160 1742 racemum
1178 1685 1359 1762 paucillorum

243 1790 495 1868 subcorymbosum
520 1789 684 1857 terentibus,
709 1789 782 1848 loliis
811 1789 966 1847 carnosulis
989 1789 1082 1865 parvis
1101 1787 1237 1864 oppositis
1260 1797 1361 1847 ovato—

243 1891 371 1949 rotundis
393 1890 584 1968 superioribus
611 1890 786 1967 bracteisque
808 1889 1027 1966 ovato-oblongis
1052 1889 1169 1958 obtusis,
1196 1888 1361 1964 pedunculis

245 1992 361 2050 hirsutis
378 1991 556 2050 inferioribus
575 1991 686 2051 corollae
705 1993 780 2069 sapa
795 1992 961 2070 aequilongis
977 1992 1086 2050 caeteris
1104 1991 1290 2062 brevioribus,
1312 2011 1361 2050 ca·
1403 2002 1407 2008 “

247 2095 317 2173 lycis
336 2095 442 2154 laciniis
464 2095 755 2172 elliptico-linearibus
776 2096 835 2154 basi
851 2096 1000 2158 attenuatis
1023 2094 1222 2153 obtusiusculis
1246 2094 1361 2172 capsula

247 2199 332 2276 duplb
347 2199 519 2275 longioribus
537 2200 761 2276 erecto-patulis
786 2200 890 2259 corella
914 2201 1014 2277 magud
1035 2199 1247 2258 roseo-lilecind
1269 2199 1361 2278 calyce

246 2301 331 2378 duplb
345 2302 474 2377 longiori,
493 2303 633 2360 seminum
648 2305 732 2362 costis
747 2303 994 2380 longitudinalibus
1009 2304 1199 2364 tuberculatis.

288 2405 320 2463 L.
338 2404 588 2484 oripaaifoliuvar.
605 2405 734 2483 glareosa
749 2408 839 2466 Boiss.
858 2409 929 2486 Voy.
946 2409 1007 2466 bot.
1021 2410 1088 2486 Esp.

286 2507 359 2566 Hab.
379 2509 407 2566 in
420 2509 555 2585 glareosis
571 2509 732 2585 glacialibus
747 2511 850 2568 montis
867 2509 964 2569 Sierro
975 2512 1086 2571 Neoodu
1103 2513 1193 2572 Boiss.
1210 2522 1237 2569 et
1251 2511 1335 2571 lleut.

288 2615 355 2672 Haec
366 2614 448 2672 etiam
464 2612 495 2668 L.
513 2610 676 2690 crossisolt'ae
693 2611 783 2670 aldais
800 2621 842 2670 est
856 2612 905 2670 sed
916 2613 1012 2672 babitu
1022 2615 1091 2673 adeb
1109 2615 1218 2674 diverso
1231 2614 1359 2693 notisque

245 2727 300 2772 tarn
315 2715 504 2792 peculiaribus
523 2715 624 2773 donata
639 2724 669 2773 ut
690 2735 751 2774 eam
773 2715 874 2774 bonam
892 2720 1014 2793 speciem
1035 2721 1132 2776 sistere
1154 2737 1228 2776 nunc
1245 2736 1359 2795 persua-

244 2838 308 2876 sum
326 2819 479 2877 habeamus
489 2838 498 2887 ;
510 2819 604 2878 caules
620 2838 733 2896 semper
748 2819 869 2878 tenuiter
881 2819 1027 2880 fililornres
1041 2832 1107 2880 sunt
1121 2821 1166 2878 alii
1188 2822 1360 2880 subterranei

242 2920 449 2977 stolonilormes
473 2921 519 2977 alii
545 2921 616 2978 loliis
643 2923 957 2980 ovato-orbicularibus
989 2923 1076 2997 ¹¹ls·3
1111 2923 1200 2982 lineas
1226 2925 1360 2984 diametro

243 3021 307 3078 latis
326 3020 417 3078 obsiti.
435 3021 532 3077 Floras
545 3020 595 3077 et
614 3020 773 3080 terminales
794 3033 824 3079 ut
846 3024 870 3080 ei
896 3024 927 3080 L.
942 3023 1104 3104 crussisola‘ta
1121 3027 1278 3104 corymbosi
1295 3041 1360 3086 sunt

245 3125 294 3182 sed
321 3125 440 3200 majores
455 3124 623 3201 longibsque
638 3125 827 3202 pedunculati,
852 3126 952 3206 calycis
967 3128 1073 3188 laciniae
1088 3129 1228 3206 longiores
1249 3131 1360 3191 latiores

245 3227 302 3285 basi
321 3227 410 3303 magis
424 3237 573 3286 attenuatae
589 3237 615 3287 et
631 3229 659 3286 in
677 3229 766 3288 lructu
783 3228 894 3306 patulae.

281 3379 401 3439 Liuiam
413 3380 565 3438 Tinurrirui
584 3381 673 3440 Boias.
692 3391 719 3440 et
741 3381 825 3440 Reut.
842 3381 931 3459 (Soet.
949 3383 1155 3442 Libertustrum
1169 3384 1247 3444 subs.
1263 3385 1281 3443 3
1297 3387 1357 3445 DC.

244 3483 361 3564 Prodr.)

282 3635 317 3696 L.
339 3653 430 3694 annua
455 3639 579 3715 partibus
603 3638 744 3697 floralibus
768 3639 889 3715 exceptis
913 3639 1101 3716 glabrescens,
1121 3642 1245 3701 caulibus
1264 3645 1357 3702 tereti·

241 3738 293 3796 bus
304 3739 404 3798 erectis
420 3740 499 3798 elutis
515 3740 619 3799 ioliosis
634 3740 808 3818 simplicibus
827 3741 870 3799 vel
889 3743 969 3820 parce
988 3745 1117 3813 ramosis,
1131 3746 1203 3804 loliis
1220 3746 1355 3824 oblongo·

240 3837 399 3898 lanceolatis
424 3839 795 3918 lanceolatolinearibusque
814 3843 1013 3904 obtusiusculis
1035 3847 1093 3904 basi
1115 3849 1264 3908 attenuatis
1289 3867 1356 3907 sur-

240 3940 367 4000 culorum
386 3942 523 4001 similibus
540 3943 589 4002 sod
608 3943 792 4015 brevioribus,
816 3948 933 4006 racemis
951 3957 1014 4024 post
1035 3951 1164 4009 antlresin
1180 3952 1260 4011 valde
1278 3953 1354 4012 elen-

239 4043 308 4118 gatis
326 4051 356 4101 ut
375 4053 402 4102 ot
421 4044 527 4122 calyces
546 4045 709 4105 indumento
730 4048 807 4106 brevi
823 4048 944 4126 crispulo
962 4051 1095 4110 viscidulo
1111 4053 1218 4123 obsitis‚
1237 4055 1356 4116 bracteis

238 4143 537 4224 obeunte-spathulatis
573 4149 690 4216 obtusis,
725 4152 824 4231 calycis
853 4154 1006 4229 segmentis
1032 4156 1353 4234 oblongo-spathulatis
