3120 4772
784 350 828 416 96

252 498 376 554 distincta
393 497 463 552 loliis
481 507 580 571 praetor
601 495 661 550 cilia
685 511 780 569 sparsa
803 492 903 567 glabris
928 509 977 549 nec
997 492 1138 554 velotinis,
1157 491 1250 570 calyce
1269 493 1366 550 saltem

252 600 335 674 duplb
355 599 450 674 majori
465 597 561 670 ⁶2¹,l2-3
578 597 664 652 lineas
681 613 730 651 nec
747 594 946 670 sesquilineam
960 594 1054 668 longo,
1071 594 1182 652 corollae
1205 593 1268 670 plirs
1283 593 1367 670 duplb

252 703 363 774 majoris
386 701 450 756 tubo
474 700 637 756 subexsorto
664 716 714 755 uec
737 697 854 758 incluso.
881 697 927 754 rt.
953 697 1042 753 hirtus
1062 715 1125 754 cum
1149 697 1195 754 Tb.
1222 697 1367 776 teutrisolr'o

252 803 328 879 gregi
349 801 384 857 Tu
413 799 538 876 vulparia
551 800 775 857 adnumerandus
791 811 833 858 est
846 801 912 857 diun
929 799 975 854 Tu·
995 799 1165 876 Alyarieusis
1182 819 1242 858 cum
1261 802 1366 878 spacie-

253 907 303 963 bus
319 905 500 981 sequentibus
516 905 608 980 potiris
630 902 677 958 Tb.
695 901 792 958 cilioto
808 903 1042 978 approximandus
1058 913 1110 960 est.

293 1061 411 1116 'suiuus
431 1059 603 1115 Mauortius
620 1057 708 1114 Boiss.
728 1068 753 1112 et
771 1055 853 1113 Reut.
873 1054 961 1132 (Sect.
982 1054 1139 1132 Serpyllum
1154 1055 1236 1134 Btb.)

294 1209 348 1266 Tlr.
367 1208 571 1274 sullruticosus‚
585 1207 770 1281 procumbens
783 1207 866 1262 ramis
882 1205 942 1261 aliis
959 1206 1036 1281 apice
1051 1206 1179 1264 ssorileris
1196 1207 1294 1265 erectis
1305 1208 1366 1266 aliis

253 1312 393 1370 sterilibus
415 1309 655 1385 flagellilormibus
683 1310 829 1384 elongatis,
855 1308 986 1366 omnibns
1005 1309 1097 1384 patul‘e
1113 1322 1137 1367 et
1152 1309 1270 1366 breviter
1283 1311 1366 1367 albo-

253 1415 379 1480 husutis,
403 1413 474 1469 loliis
500 1413 803 1469 lineari-teretiusculis
825 1412 949 1486 margine
971 1413 1102 1469 revolutis
1118 1411 1143 1468 in
1156 1411 1287 1487 petiolum
1304 1413 1364 1469 bre-

253 1536 314 1574 vem
332 1518 480 1573 attenuatis
496 1514 565 1571 ciliis
587 1515 655 1570 albis
680 1516 785 1572 remote
801 1525 827 1571 ot
842 1515 924 1591 parab
942 1516 1038 1574 obsitis
1058 1516 1187 1574 caeteriuu
1204 1515 1305 1590 glabris
1320 1515 1364 1572 vel

253 1618 439 1676 minutissime
460 1617 602 1693 papillosis
625 1617 879 1693 subeglaudulosis,
904 1619 993 1676 axillis
1008 1619 1244 1685 lasciusculileris,
1265 1618 1366 1675 florum

254 1723 452 1782 verticillastris
469 1724 494 1778 iu
511 1722 600 1798 spicas
617 1722 888 1798 oblongo-capitatas
906 1723 1064 1780 terminales
1076 1723 1218 1790 confertis,
1236 1721 1307 1780 loliis
1320 1722 1369 1778 llo-

255 1828 356 1886 ralibus
376 1828 481 1884 caeteris
503 1825 651 1901 majoribus
666 1825 864 1902 latioribusryue
880 1825 1104 1900 ovato-ellipticis
1120 1827 1207 1882 acutis
1224 1825 1368 1884 albo-hir-

255 1931 324 1987 sutis
343 1930 450 2006 calyces
470 1928 656 2004 aequantibus,
672 1929 772 2006 calycis
790 1929 882 2005 patule
897 1928 1028 2004 bispiduli
1045 1929 1127 2004 parco
1148 1927 1305 2003 glandulosi
1320 1929 1366 1987 de·

254 2034 331 2090 mirra
354 2032 427 2090 rubri
449 2032 483 2090 ad
504 2032 540 2109 Ἴ,
560 2034 648 2108 usque
671 2033 790 2089 bilabiati
816 2032 887 2089 labio
916 2031 1051 2108 superiori
1075 2031 1107 2087 ad
1132 2033 1238 2088 tertiam
1261 2041 1368 2108 partem

254 2139 385 2214 usquein
402 2138 498 2194 dentes
516 2137 682 2195 lanceolatos
699 2148 795 2194 acutos
812 2136 910 2203 diviso,
927 2135 1050 2193 interiori
1068 2135 1096 2190 in
1110 2134 1130 2192 b
1146 2135 1244 2192 dentes
1260 2135 1370 2194 lineari-

254 2241 396 2298 subulatos
413 2242 512 2317 partito
535 2241 662 2298 dentibus
681 2241 809 2298 omnibus
825 2240 904 2297 valde
917 2239 1015 2296 ciliatis
1033 2240 1109 2295 fauce
1120 2238 1308 2306 albo-villos&
1323 2257 1368 2297 co-

255 2343 323 2400 rolla
334 2345 473 2418 purpurari
489 2343 553 2401 tubo
565 2343 685 2400 brevitor
699 2354 820 2400 exserto.

299 2445 346 2502 Tb.
362 2447 479 2502 striatas
495 2445 600 2520 Murtby
622 2444 665 2502 Fl.
682 2444 745 2519 Atg.
765 2444 818 2500 tab.
837 2444 865 2500 4.
885 2462 940 2500 nou
966 2443 1047 2500 Vabl.
1078 2443 1125 2498 Tb.
1144 2443 1234 2500 hirtus
1258 2441 1320 2500 Bth.
1339 2443 1367 2498 in

158 2561 160 2565 '
254 2551 313 2609 DC.
326 2551 407 2610 Prod.
422 2549 599 2607 varietatibus
615 2547 734 2605 exclusis
751 2566 783 2604 ex
801 2546 986 2622 descriptione
998 2557 1193 2624 etsynouymo
1210 2544 1368 2622 Munbyano

256 2673 310 2712 non
323 2653 420 2710 Willd.

295 2754 366 2814 Hah.
385 2755 410 2811 in
429 2753 509 2811 siccis
527 2752 677 2830 provinciae
693 2753 767 2810 Oran
786 2751 844 2810 loco
863 2750 890 2808 lo
909 2751 1020 2808 Grande
1039 2749 1148 2808 Foloise
1163 2752 1233 2808 dioto
1249 2751 1370 2828 (Munby

255 2859 346 2917 Boiss.
368 2859 466 2928 Reut.)

294 2960 393 3015 Habitu
408 2970 435 3014 et
453 2959 656 3015 characteribus
672 2959 750 3013 vald‘e
768 2959 859 3014 alfiuis
876 2959 978 3032 speciei
994 2959 1162 3034 praecedenti
1178 2960 1211 3016 ab
1231 2963 1260 3016 ed
1278 2969 1369 3016 tamen

255 3062 365 3120 differre
381 3060 490 3117 videtur
510 3058 581 3116 loliis
603 3058 856 3134 subeglandulosis‚
882 3060 954 3118 loliis
974 3060 1116 3119 [localibus
1138 3062 1199 3120 aliis
1221 3064 1369 3140 conspicue

255 3163 407 3230 latioribus,
425 3163 518 3240 calyce
534 3161 699 3238 prolundibs
715 3161 844 3220 bilabiato
860 3163 943 3239 paulo
967 3165 1073 3241 majori,
1094 3165 1198 3223 corolla
1217 3167 1369 3241 submajori

255 3267 365 3342 longibs
381 3266 498 3323 exsertd.
528 3264 575 3322 Tb.
595 3265 685 3322 birrus
700 3267 747 3324 W.
767 3268 843 3342 quie
862 3267 921 3325 loco
938 3279 964 3326 et
989 3269 1174 3346 descriptione
1190 3270 1262 3326 idom
1280 3278 1323 3327 est
1338 3287 1369 3326 ac

260 3370 282 3426 Τ
284 3370 311 3425 la.
329 3370 444 3448 diffusus
461 3389 475 3426 a
492 3371 586 3427 nostra
605 3369 697 3446 specie
722 3369 832 3445 longius
848 3369 940 3427 differt
955 3371 1119 3431 indumento
1135 3372 1271 3442 velutino,
1287 3372 1369 3430 ssori-

255 3476 306 3532 bus
322 3475 434 3531 dimidio
446 3473 612 3540 minoribus,
631 3473 742 3530 corollae
759 3473 823 3531 tubo
835 3490 889 3529 non
902 3484 1023 3544 exserto,
1037 3485 1103 3539 ete,
1123 3476 1168 3534 Tb.
1184 3473 1298 3532 alliacus
1313 3493 1370 3532 ma-

256 3577 297 3650 gis
312 3575 402 3632 affinis
416 3575 500 3632 habet
512 3575 575 3631 lolia
590 3584 617 3630 et
635 3574 758 3631 bracteas
776 3573 874 3630 eximie
890 3575 1141 3650 pertineto-ciliata,
1161 3576 1258 3634 tubum
1273 3576 1368 3634 corol-

257 3677 345 3734 liuum
362 3677 453 3754 calyce
466 3677 550 3754 duplb
563 3677 729 3751 longiorem,
747 3686 798 3732 etc.

296 3829 414 3884 Turnus
428 3841 587 3882 cononicus
601 3824 692 3881 Boiss
711 3834 738 3880 et
754 3823 838 3885 Reut.
856 3825 943 3904 (Sect.
969 3825 1127 3905 Serpylluru
1142 3829 1223 3908 Btb.)

295 3978 350 4036 Th.
367 3975 572 4044 suffraticosus,
589 3976 672 4032 ramis
690 3978 848 4036 numerosis
865 3978 1038 4038 brevioribus
1056 3983 1155 4040 erectis
1166 3981 1291 4040 ssoriieris
1306 3988 1365 4039 ste-

255 4083 352 4140 rilibus
367 4079 462 4156 paucis
479 4078 717 4154 flagellilormibus
732 4080 897 4140 abbreviatis
913 4083 1042 4142 omnibus
1052 4085 1103 4142 sub
1114 4085 1188 4144 lente
1204 4086 1366 4145 brevissime

255 4184 409 4260 puberulis,
426 4183 498 4242 loliis
514 4182 664 4244 linearibus
677 4183 873 4244 obtusiusculis
888 4186 1012 4262 rigidulis
1027 4189 1128 4247 strictis
1144 4193 1269 4266 margine
1284 4211 1365 4252 revo-
