3048 4780
696 306 736 368 31

206 459 237 512 t),
257 454 458 529 ,lrrupouensis
474 453 582 509 Cosson
600 452 626 505 in
642 449 745 524 Bnurg.
767 448 804 522 pl.
820 447 899 522 Hisp.
918 465 976 503 crs.
996 445 1071 504 tata
1085 465 1139 504 non
1156 449 1238 508 Asso.

204 557 273 616 Hab.
299 557 325 613 in
341 554 466 612 lancibus
488 551 585 611 calidis
606 551 639 608 ad
663 549 740 608 basin
763 550 865 606 montis
889 547 988 605 Sierra
1001 550 1033 606 de
1049 547 1077 605 lo
1093 549 1174 608 Nieoe
1195 554 1281 628 prope

164 663 304 737 tunquam
317 659 396 735 regni
411 655 591 715 Granatensis
606 655 665 712 loco
678 653 806 710 Desierto
821 652 853 709 de
866 649 909 708 los
921 651 1018 710 Nieoes
1033 653 1105 711 dicto
1121 654 1165 712 ubi
1178 655 1280 712 detexit

164 765 243 821 anric.
262 763 368 820 Reater
385 759 535 818 lloriierarn
547 758 632 816 Junio
650 758 761 815 ineunte
777 754 854 814 lssd9
869 765 897 814 et
907 757 942 815 cl.
957 755 1102 832 bourgeau
1120 759 1194 816 lulio
1209 762 1280 836 ejus-

163 866 225 924 dem
237 866 313 922 anni.

205 969 306 1027 Frater
322 967 393 1026 6-t0
406 967 512 1043 pedalis
528 964 534 1022 l
555 964 648 1022 Planta
666 965 754 1040 primo
772 974 887 1039 aspectu
905 962 998 1020 habitu
1013 975 1040 1022 et
1051 965 1140 1022 forma
1154 966 1282 1025 loliorum

166 1071 308 1130 simillima
326 1070 379 1128 On.
398 1068 591 1144 Arroponensi
614 1069 685 1125 Asso
702 1065 751 1125 sed
774 1065 808 1123 ab
831 1068 864 1123 ed
886 1066 1006 1142 egregiis
1023 1067 1227 1128 characteribus
1244 1071 1283 1127 di-

166 1177 278 1236 stincta.
295 1172 548 1250 &arragonensis
564 1181 607 1229 est
622 1170 768 1228 lrutieulus
794 1169 882 1228 multb
905 1169 1047 1240 humilior,
1067 1172 1167 1231 loliolis
1182 1176 1285 1252 saepibs

168 1276 316 1354 majoribus
339 1275 467 1334 rotundis
493 1273 552 1331 basi
581 1272 727 1340 truncatis,
752 1270 917 1348 stipularum
943 1273 1106 1349 cuspidibus
1128 1275 1283 1359 herbaceis,

167 1379 284 1438 racemis
293 1379 414 1438 breviter
430 1377 523 1445 hirtis,
538 1375 657 1433 bracteis
672 1372 1037 1451 persistentibusherbaeeis
1053 1376 1110 1434 basi
1124 1379 1284 1454 amplexan-

169 1481 242 1537 tibus
258 1478 507 1537 ovato-rotundatis
529 1475 681 1553 cuspidatis
695 1475 745 1532 bi}
768 1474 857 1543 ssoriS,
879 1474 979 1553 calycis
997 1477 1102 1536 laciniis
1126 1479 1286 1540 lanceolatis

172 1582 372 1639 obtusirrsculis
392 1581 457 1638 tubo
472 1579 648 1656 aequilongis,
662 1577 764 1636 corolla
781 1578 864 1653 paulo
881 1579 993 1648 minori,
1011 1581 1103 1660 calyce
1121 1583 1184 1660 plus
1201 1585 1287 1662 dapib

171 1685 300 1762 longiori.
318 1685 422 1744 Nostra
434 1686 541 1762 species
552 1687 579 1744 in
591 1693 742 1763 systemate
758 1683 831 1740 inter
849 1681 882 1739 0.
900 1684 1117 1758 Arraponensem
1133 1697 1160 1744 et
1178 1688 1210 1744 0.
1227 1707 1285 1765 spe·

169 1791 272 1847 ciosum
292 1787 361 1865 Lag.
380 1789 540 1846 collocanda
552 1789 614 1847 erit.
1231 1775 1235 1780 ¹

210 1941 318 1999 Onosis
330 1940 462 1998 bonnam
478 1940 568 1998 Boiss.
584 1950 610 1996 et
625 1940 709 1997 Reut.

213 2094 247 2150 0.
269 2111 373 2160 annua,
397 2091 521 2150 caulibus
547 2091 677 2149 tenuibus
700 2093 799 2149 erectis
825 2092 938 2168 virgatis
954 2092 1056 2168 glabris
1081 2096 1124 2153 vel
1147 2097 1199 2155 sub
1214 2099 1288 2158 lento

176 2196 335 2254 brevissime
358 2193 507 2272 puberulis
529 2194 588 2252 iere
605 2212 620 2250 a
643 2193 701 2251 basi
718 2193 874 2252 dichotomb
889 2196 1017 2264 ramosis,
1034 2197 1106 2256 loliis
1128 2201 1290 2262 triloliolatis

174 2299 276 2376 petiolo
291 2301 331 2358 eis
345 2299 464 2376 longiori
477 2297 602 2382 suffultis
619 2297 722 2374 glabris
739 2296 782 2355 vel
800 2297 882 2373 parce
901 2305 928 2354 et
950 2298 1069 2359 breviter
1083 2303 1291 2379 puberulo-vis-

173 2401 252 2471 cidis‚
270 2401 371 2460 foliolis
388 2401 516 2478 oblongis
534 2400 699 2477 ellipticisve
719 2400 816 2476 argute
833 2401 946 2458 serratis
968 2402 1125 2464 lateralibus
1146 2409 1290 2467 sessilibus

174 2505 312 2563 terminali
330 2504 462 2582 petiolulo
477 2506 501 2562 ei
514 2502 726 2580 subaequilongo
737 2501 865 2571 suffulto,
882 2502 1010 2562 loliorum
1022 2509 1199 2584 superiorum
1210 2511 1289 2568 lolio-

178 2605 210 2664 lis
224 2607 342 2682 anguste
357 2607 518 2676 linearibus,
536 2605 648 2683 stipulis
658 2605 773 2663 minutis
789 2606 948 2664 semiovatis
959 2608 1016 2666 basi
1029 2610 1188 2669 auriculatis
1203 2612 1291 2672 latere

180 2705 309 2762 exteriori
325 2707 449 2774 serratis,
464 2707 583 2764 racemis
603 2706 797 2783 pedunculatis
814 2707 979 2766 abbreviatis
991 2711 1207 2787 ovatocapitatis
1222 2713 1291 2774 deu-

179 2811 218 2868 sis
236 2809 426 2868 terminalibus
443 2812 598 2888 paniculam
625 2812 817 2890 corymbosam
842 2812 1041 2882 formantibuS,
1066 2815 1182 2874 bracteis
1200 2821 1292 2896 parvis

177 2913 265 2972 oratis
279 2915 356 2991 apice
371 2913 420 2972 Ἡ
431 2915 607 2974 denticulatis
622 2915 773 2992 pedicellos
788 2916 974 2993 aequantibus
998 2917 1098 2997 calycis
1113 2919 1213 2980 hirsuti
1234 2925 1287 2982 vis-

178 3016 231 3073 cidi
242 3017 373 3074 dentibus
391 3016 692 3076 lanceolata-subrutis
712 3018 778 3076 tubo
791 3018 874 3094 paulb
889 3017 1072 3094 longioribus,
1095 3023 1197 3080 corolld
1212 3031 1292 3084 rosea

179 3117 272 3194 calyce
293 3120 371 3175 tertid
384 3121 459 3194 parib
479 3120 609 3195 longiori,
622 3122 714 3178 carind
728 3121 852 3197 margine
864 3121 985 3179 inferiori
1003 3123 1080 3181 valde
1096 3125 1175 3200 gibba
1194 3138 1293 3186 rotun-

182 3219 244 3275 datd
262 3219 366 3295 angulo
390 3229 463 3278 recto
486 3221 600 3278 incurva
616 3225 694 3300 apice
714 3225 794 3282 acutd
807 3223 977 3295 flavescenti,
1001 3225 1142 3302 legumine
1157 3233 1295 3288 ovatoob-

182 3323 265 3398 longo
281 3323 375 3381 inssato
390 3324 529 3400 puberulo
543 3325 635 3404 calyce
648 3327 692 3384 vix
703 3325 832 3403 longiori.

224 3425 256 3484 0.
270 3428 381 3486 {boardi
392 3432 500 3491 Cosson
518 3431 544 3486 in
556 3429 595 3505 pl.
613 3430 760 3506 Bourgeau
772 3430 855 3487 exsio.
872 3447 926 3485 non
943 3429 1034 3488 Boiss.

220 3530 290 3588 Hab.
303 3534 330 3588 in
345 3533 488 3609 Hispanias
499 3531 630 3589 australis
643 3530 710 3588 locis
719 3531 844 3588 arenosis
859 3531 930 3587 circa
945 3529 1035 3588 Gades
1045 3531 1140 3609 (herb.
1153 3532 1264 3592 Fauchd
1275 3534 1294 3603 l,

183 3631 343 3710 Eourgeau)
357 3635 384 3690 in
399 3635 501 3710 pinetis
518 3653 561 3710 pr.
590 3634 649 3691 San
664 3634 756 3691 Lucor
769 3633 801 3688 de
817 3634 972 3690 Buramedo
991 3643 1019 3691 et
1036 3635 1106 3692 circa
1118 3636 1205 3693 Areos
1219 3637 1251 3694 de
1268 3637 1297 3694 lo

184 3731 320 3788 Fronteru
334 3733 469 3812 (Reuter)
485 3735 528 3791 Fl.
548 3735 640 3812 Mayc,
658 3734 752 3792 Junio.

225 3834 338 3912 Species
358 3837 447 3910 prima
467 3838 535 3895 lacie
553 3837 585 3894 O.
603 3839 718 3894 Pioordi
737 3838 835 3896 similis
855 3837 904 3894 sed
928 3840 961 3895 ab
981 3843 1011 3897 et
1033 3841 1135 3914 optime
1158 3840 1295 3899 distincta.

184 3941 281 3998 Planta
299 3941 388 4016 major
412 3939 459 3996 ld
483 3940 589 4016 pedalis
615 3941 742 4018 gracilior
768 3960 799 3999 ac
821 3941 956 3999 ramosior
972 3943 1052 4018 parce
1072 3953 1099 4000 et
1115 3943 1234 4002 breviter
1249 3960 1299 3998 nec

185 4043 296 4117 copios'e
321 4042 557 4110 hirsuto-viscida,
584 4045 675 4102 foliola
699 4045 792 4104 minias
813 4044 969 4114 rotundatu,
993 4047 1137 4122 superiora
1159 4044 1296 4117 angustis-

186 4146 267 4212 sima,
281 4147 390 4224 stipulae
406 4150 530 4206 minores
544 4149 712 4207 semi-ovatae
723 4167 771 4207 noc
784 4148 837 4205 lat'e
849 4146 1204 4213 rlromboideorotundatae,
1215 4149 1298 4225 spicae
