3120 4772
768 352 834 417 128

277 548 330 605 roi
345 561 510 604 ruaceruuuu
523 543 613 601 Boiss.
631 552 657 598 et
673 541 756 598 licut,

274 700 304 756 P.
329 697 460 773 perennis
482 695 637 771 caespitosa,
662 693 752 749 radice
768 691 880 760 libresa,
899 692 998 750 culinis
1014 692 1129 760 foliosis,
1149 693 1220 752 loliis
1234 697 1354 770 auguste

236 801 386 858 linearibus
402 798 565 856 scabridulis
581 797 702 855 llaccidis
715 795 880 852 radicalibus
895 796 1102 872 angustioribus
1121 795 1237 854 culmeis
1253 798 1352 873 vagiat

235 908 285 961 sua
302 902 462 962 laeviusculal
480 901 635 957 internodio
661 898 778 974 longiori
797 897 981 966 brevioribus,
1000 898 1085 974 ligulrl
1100 900 1209 957 exserta
1224 898 1349 976 elongate
1420 946 1424 952 .

234 1007 311 1083 apice
328 1006 403 1076 lissa,
422 1003 557 1080 paniculae
573 1003 708 1078 elongatae
725 1015 851 1077 arigustae
867 1000 987 1059 flaccidae
1008 1001 1185 1059 snbuutantis
1207 1004 1290 1061 ramis
1306 1003 1350 1061 in-

233 1111 378 1169 lerioribus
395 1109 478 1174 binis,
495 1107 610 1184 spiculis
627 1105 683 1164 3-5
699 1106 774 1163 ssoris
793 1105 892 1173 oratis,
912 1104 1036 1163 lloseulis
1053 1106 1214 1164 lanceolatis
1230 1109 1351 1184 superne

233 1210 536 1271 albo-membranaceis
554 1207 752 1267 obtusiusculis
770 1207 894 1266 obsoleto
910 1207 1038 1267 nervosis
1054 1218 1155 1284 praeter
1169 1209 1261 1268 lanam
1279 1211 1351 1268 basi-

234 1320 319 1375 larcnr
332 1313 454 1389 undique
468 1312 589 1369 breviter
605 1321 632 1368 et
646 1311 777 1388 adpressb
793 1311 1022 1388 pubescentibus.

274 1420 344 1476 Hab.
364 1419 392 1474 iu
410 1416 549 1474 umbrosis
567 1416 831 1491 septentrionalibus
851 1416 908 1492 jugi
932 1415 1015 1472 Cerro
1031 1416 1062 1472 de
1080 1416 1139 1472 Son
1167 1415 1306 1474 Cristevel
1323 1429 1352 1474 et

237 1523 330 1580 Sierro
345 1521 376 1579 de
393 1518 420 1576 lu
434 1519 515 1577 ll'r'eoe
529 1520 640 1577 ditionis
660 1519 798 1576 Serranae
819 1518 852 1576 ale
868 1519 966 1575 Roude
990 1520 1074 1577 Junio
1096 1517 1172 1576 tate
1195 1519 1304 1595 (Reiss.
1325 1532 1352 1578 et

235 1627 369 1704 Reuter).

277 1728 385 1786 Pedalis
403 1727 447 1785 vel
460 1726 542 1802 paule
558 1727 679 1801 longior,
697 1726 759 1782 lolia
777 1727 877 1782 lineam
892 1726 1001 1784 circiter
1016 1727 1081 1795 lata,
1095 1727 1272 1802 superiorum
1289 1726 1350 1783 lim-

235 1837 286 1892 bus
305 1831 396 1907 l¹l,-2
418 1831 574 1908 polliceris,
599 1831 724 1908 panicula
747 1830 805 1888 Ἠ
828 1829 977 1906 polliceris,
1004 1829 1118 1906 spiculae
1152 1829 1352 1905 magnitudinis

235 1955 331 1996 eorum
346 1937 378 1992 P.
396 1932 545 1993 tremorelis
561 1935 639 2009 cujus
658 1933 753 1990 sacient
772 1933 855 1990 babet
869 1932 917 1990 sed
931 1951 993 2008 quae
1005 1931 1097 1989 dillert
1110 1929 1195 2006 ligula
1210 1931 1349 1996 obsoleta.

234 2039 362 2118 panicula
376 2038 516 2106 strictiori,
536 2037 651 2094 [loribus
675 2037 707 2093 ad
733 2055 833 2094 nervos
859 2038 965 2093 tantuna
982 2035 1210 2110 pubescentibus,
1234 2035 1351 2112 spiculis

234 2142 451 2220 angustioribus.
463 2141 496 2197 P.
514 2141 713 2214 cacsiolongilrs
729 2140 812 2197 distat
827 2139 975 2215 rigiditate,
993 2138 1065 2196 loliis
1078 2138 1220 2206 brevibus,
1233 2136 1350 2195 lloribus

235 2249 268 2304 ad
288 2265 388 2304 nervos
411 2243 567 2320 puberulis,
584 2245 616 2299 P.
640 2242 762 2300 trivialis
777 2244 883 2301 cacteris
899 2243 1033 2318 neglectis
1054 2242 1178 2300 llosculis
1194 2241 1272 2317 apice
1294 2259 1349 2298 nou

234 2348 374 2415 scariosis,
384 2348 418 2405 P.
431 2348 573 2425 protensis
585 2346 719 2422 paniculae
735 2346 832 2407 lorrrrat,
850 2344 940 2401 radice
952 2353 1078 2420 repente.
1099 2343 1211 2420 Species
1227 2361 1348 2419 sequens

234 2451 299 2510 huic
317 2450 395 2508 valdb
410 2449 500 2508 affinis
512 2449 560 2506 serl
574 2448 645 2504 notis
661 2447 842 2522 sequentibus
859 2447 977 2503 diversa.

274 2607 331 2662 Pon
349 2603 507 2661 renisuri
527 2600 659 2656 buissel
674 2599 756 2655 Reut.

274 2759 305 2815 P.
323 2753 454 2831 perennis
475 2751 620 2827 caespitosa
638 2749 727 2806 radice
744 2748 858 2816 fibrosa,
874 2747 974 2805 culmis
991 2750 1090 2806 erectis
1111 2749 1216 2807 loliosis
1228 2752 1349 2826 superne

234 2858 327 2924 nudis,
348 2856 419 2914 loliis
432 2854 581 2910 linearibus
600 2853 715 2912 lactibus
733 2850 923 2926 superioribus
937 2851 1034 2925 vagina
1047 2853 1097 2907 sub
1110 2851 1267 2910 internodio
1285 2853 1347 2910 bre·

234 2961 302 3016 riori
317 2959 499 3032 longioribus,
511 2956 595 3028 ligula
607 2958 715 3012 exserte
728 2954 892 3020 lanceolata,
905 2953 1033 3028 panicula
1044 2956 1134 3011 erecta
1146 2955 1248 3030 patenti
1262 2957 1346 3011 ramis

233 3061 411 3120 interioribus
436 3057 595 3122 subternis,
625 3054 739 3130 spiculis
768 3054 857 3110 oratis
891 3054 1007 3122 billoris,
1036 3055 1160 3114 flosculis
1187 3056 1346 3114 lanceolatis

234 3164 311 3240 apice
326 3159 455 3219 scariosis
471 3158 558 3216 eratis
577 3159 705 3216 elevatior
722 3159 860 3215 trinerviis
875 3157 909 3215 ad
927 3177 1044 3216 nervum
1066 3158 1205 3217 dorsalem
1222 3160 1348 3235 puberu-

233 3268 268 3324 lis
279 3266 335 3323 basi
353 3265 432 3342 pateo
451 3263 547 3320 lanatis
564 3264 697 3320 caeterum
713 3262 827 3338 glabris.

272 3372 342 3429 Hab.
366 3372 391 3427 in
413 3370 490 3447 sylva
506 3368 571 3425 lrati
593 3367 789 3443 Pyrenaeorunr
813 3365 1024 3423 occidentalium
1048 3366 1108 3425 loco
1126 3365 1349 3424 urraca-Idaea

234 3475 329 3552 (Ferat
344 3476 370 3530 iu
384 3472 462 3530 berb.
481 3467 625 3547 Fauclrel)
640 3469 683 3529 Fl.
697 3469 785 3526 lulio.

273 3577 376 3633 Habitu
396 3574 486 3633 allinis
508 3573 609 3649 speciei
635 3572 800 3648 praecedenti
818 3582 846 3628 et
861 3571 926 3628 Poe
944 3571 1082 3630 nemorali
1103 3574 1137 3632 ab
1160 3581 1277 3651 utroque
1302 3574 1349 3632 di-

234 3678 333 3736 stincta
351 3679 474 3736 tlosculis
490 3677 594 3734 bissoris
620 3695 634 3733 a
659 3676 743 3751 priori
765 3675 866 3731 iterirm
887 3674 995 3733 diversa
1014 3677 1139 3736 llosculis
1155 3677 1242 3736 acutis
1259 3678 1349 3754 magis

236 3784 361 3840 nervosis
370 3780 404 3839 ad
416 3798 532 3838 nervum
545 3779 683 3838 dorsalern
697 3778 802 3835 tanturn
817 3778 959 3854 puberulis
973 3789 999 3838 et
1011 3781 1083 3840 loliis
1095 3782 1179 3857 paulo
1192 3781 1347 3848 latioribus,

236 3906 251 3944 a
269 3886 416 3962 posteriori
432 3884 528 3959 ligula.

275 4038 377 4098 Vurru
392 4037 519 4095 Bnorrru
543 4035 635 4098 Boiss.
650 4045 677 4094 et
689 4035 775 4098 Reut.

276 4191 310 4250 tt.
324 4208 415 4247 annno
431 4187 523 4264 glabra
540 4187 628 4245 radice
652 4187 763 4256 librosal,
789 4188 888 4246 culmis
909 4190 1038 4247 tenuibus
1055 4191 1165 4257 erectis,
1188 4191 1261 4249 toliis
1276 4201 1349 4250 seta-
