3048 4780
736 358 780 417 05

194 503 373 569 us‚llosculis
395 499 529 563 caeruleis,
557 499 687 554 arluc-uus
714 499 842 555 erunibus
863 500 946 554 calvis
971 501 1046 574 apice
1070 502 1186 574 auguste
1203 521 1306 575 margiu

193 604 274 661 natis,

231 707 299 763 Hab.
313 709 339 763 in
355 706 493 782 argillosis
509 706 620 763 incultis
637 707 708 763 inter
726 705 802 763 Oeen
813 717 840 763 et
858 707 1025 784 Misserpliin
1039 709 1145 786 (Beiss.
1166 720 1193 766 el
1206 709 1304 777 Rene,

191 811 244 868 line
261 811 374 887 Aprilis,
393 807 498 886 1849).

230 913 330 971 Caules
347 913 458 989 pedales
475 913 669 989 longioresque
685 931 717 971 ex
730 913 827 971 eodem
847 914 998 973 rbizemale
1015 915 1168 984 numerosi,
1182 915 1243 972 lolia
1260 916 1306 971 iu-

191 1017 288 1074 feriora
304 1035 367 1073 cum
391 1014 493 1092 pericle
520 1013 699 1091 semipedalia
726 1015 907 1091 longioraque
930 1016 950 1072 b
971 1016 1086 1092 pellices
1111 1017 1174 1085 lala,
1201 1016 1309 1074 caulina

190 1121 334 1196 superiora
348 1119 445 1189 wls-2
462 1117 576 1193 pollices
592 1117 673 1193 longa
689 1115 741 1174 6-7
754 1117 841 1174 lineas
858 1118 920 1174 lata.
933 1117 1059 1194 Capilula
1078 1118 1165 1174 lormd
1181 1129 1208 1175 et
1226 1136 1306 1193 mag·

192 1223 317 1279 niludine
332 1240 362 1278 ea
384 1220 412 1276 C,
431 1219 573 1294 Tinqilaai
593 1220 636 1275 vel
655 1217 715 1274 niul
729 1219 788 1296 ifidi
806 1219 920 1277 omnino
934 1217 1080 1276 relerenlia
1095 1236 1110 1274 a
1126 1217 1226 1294 quibus
1242 1237 1306 1275 nes·

191 1337 230 1383 tra
248 1326 353 1402 species
372 1324 463 1381 radice
480 1322 632 1380 multicauli
647 1323 835 1398 aebaeniisque
850 1321 980 1380 omnibus
991 1322 1077 1380 calvis
1089 1321 1181 1379 statim
1197 1321 1309 1396 dignos·

190 1431 271 1486 citur.
289 1428 407 1485 Fructus
423 1427 547 1503 juniores
564 1425 669 1483 lantbm
697 1425 826 1483 vidimus.

230 1579 473 1636 Kunrnorureruu
488 1577 617 1637 Bnrrceu
635 1577 724 1635 Boiss
743 1588 770 1634 aa
786 1577 869 1636 lleul.

230 1737 265 1793 ll.
281 1733 508 1809 nionocarpicum
524 1732 754 1808 glabriusculum,
772 1734 850 1790 caule
865 1732 956 1789 albido
973 1733 1057 1789 nilide
1080 1734 1183 1808 sapidas
1200 1749 1307 1790 raneose

191 1839 275 1896 rarius
291 1837 500 1895 subdivaricalis
523 1836 627 1894 foliosis
645 1836 722 1913 apice
744 1835 991 1913 l-pleieceplialis,
1011 1835 1083 1893 loliis
1103 1834 1196 1892 niridis
1214 1834 1308 1904 rigidis

192 1942 270 2000 valde
292 1941 417 1998 nervosis
442 1939 618 1996 inferioribus
645 1939 859 2016 pinnalipartitis
882 1941 959 1997 cosla
983 1939 1073 1997 media
1098 1937 1308 2013 segmentisque

191 2043 340 2101 linearibus
368 2044 443 2101 hisco
467 2043 581 2120 spinoso
598 2041 717 2100 dentalis
737 2043 765 2100 in
791 2043 900 2119 spinam
923 2041 1101 2110 abeuntibus,
1129 2041 1201 2098 loliis
1225 2059 1308 2117 supe·

191 2148 310 2205 rioribus
323 2147 380 2204 basi
396 2146 549 2204 rotundatis
566 2144 867 2223 subamplexicaulibus
888 2145 1049 2203 lanceolalis
1070 2144 1229 2222 patentibus
1244 2145 1310 2220 pin-

190 2251 451 2318 nalifido-denlalis‚
475 2250 602 2326 capitulis
624 2249 752 2322 oblongis
774 2249 934 2319 attenuatis,
964 2249 1099 2308 involucri
1127 2247 1307 2325 glabriusculi

192 2355 295 2432 phyllis
317 2354 499 2412 exterioribus
520 2354 592 2412 loliis
614 2353 753 2430 supremis
773 2353 910 2411 similibus
937 2350 1308 2430 squarrese-palcntissimis

189 2459 340 2536 capitulum
363 2458 445 2534 longe
471 2457 680 2534 superantibus,
705 2456 809 2514 intimis
837 2457 1069 2514 albida-scariesis
1086 2456 1247 2514 lanceolalis
1263 2457 1308 2512 in-

193 2562 280 2636 tegris
296 2559 460 2627 inermibuS,
482 2558 606 2617 ssesculis
631 2558 741 2628 albidis,
767 2560 899 2617 acbaeniis
917 2559 1116 2636 nigricannbus
1131 2557 1307 2634 quadrangu-

191 2665 223 2722 lis
237 2665 314 2741 apice
331 2662 462 2719 truncaris
479 2663 636 2720 transverse
656 2662 799 2738 rugulesis
822 2663 1004 2720 exterioribus
1028 2662 1113 2718 calvis
1130 2659 1307 2718 interioribus

188 2787 279 2845 pappo
296 2765 469 2824 mulliscriali
489 2766 633 2840 nigricanli
651 2765 691 2821 eis
708 2765 826 2838 longiori
841 2766 1004 2823 leriuinalis

229 2865 463 2946 Keaaropbpllum
481 2865 608 2923 lunatum
632 2866 702 2943 Voy.
720 2865 781 2922 Bel.
802 2865 869 2942 Esp.
890 2883 944 2922 non
963 2864 1021 2921 DC.

228 2975 298 3033 nae.
319 2974 345 3030 in
358 2972 491 3048 Hispania
507 2971 592 3048 prope
609 2967 732 3045 Madaya,
752 2978 804 3027 ele.
822 2969 942 3047 (bees,
959 2969 1058 3037 lleul„
1077 2969 1222 3047 bourgeau
1234 2967 1258 3047 l)

228 3076 339 3152 Species
357 3075 393 3131 K.
412 3073 508 3130 lanuto
529 3073 653 3148 proxime
677 3071 769 3129 alfinis
789 3071 838 3128 sed
855 3071 933 3129 nobis
952 3071 1047 3130 itcrald
1065 3072 1257 3130 observatione
1272 3073 1306 3128 ab

188 3199 220 3238 eo
242 3180 366 3244 diversa3
385 3177 453 3232 rami
476 3177 564 3250 magis
581 3175 733 3242 divaricari,
750 3174 868 3248 capitula
890 3173 1031 3250 eligantba
1046 3176 1165 3250 angusto
1186 3175 1303 3250 oblonga

187 3298 240 3337 nec
263 3289 352 3347 ovata,
380 3276 515 3334 involucri
539 3276 737 3352 glabresceulis
764 3275 856 3350 phylla
882 3277 1017 3335 exteriora
1037 3279 1198 3353 angustiora
1226 3278 1305 3336 valde

187 3380 478 3461 squamoso-palentia
498 3398 547 3437 nec
568 3377 766 3454 erecto-patula
787 3378 910 3436 llosculis
930 3379 1018 3436 mulrb
1044 3379 1168 3454 longiora
1187 3398 1238 3438 nec
1256 3399 1304 3437 ees

186 3487 335 3564 aequantia,
350 3484 471 3543 acbaenia
488 3494 589 3561 praelcr
602 3482 723 3540 colorem
735 3481 938 3556 nigrescemem
948 3489 1026 3538 nolas
1039 3480 1236 3538 differentiales
1246 3500 1300 3540 nou

186 3592 374 3668 praebuerunt.
392 3590 425 3646 K.
445 3586 623 3646 leucoceulen
645 3585 735 3643 differi
752 3585 884 3643 acbaeniis
906 3583 1021 3642 laevibus
1035 3585 1153 3661 aliisque
1169 3585 1252 3644 netis.

227 3742 392 3799 Conraunea
407 3741 568 3798 Canrerana
584 3739 673 3796 Boiss.
694 3751 719 3794 el
736 3737 819 3795 Reul.
836 3735 924 3813 (Suel.
944 3733 1058 3811 decere.)

229 3894 261 3952 C.
275 3891 406 3970 perennis
421 3899 475 3947 lota
484 3889 608 3946 scabrida
623 3907 732 3964 aspera,
743 3889 867 3946 caulibus
884 3889 984 3946 erectis
999 3889 1246 3964 angulare-striatis
1262 3892 1300 3947 le-

190 3996 266 4054 liesis
278 3991 399 4070 superne
410 3989 582 4064 simplicibus
603 3989 645 4046 vel
661 3990 755 4046 slrielb
773 3989 939 4048 diclielomis
953 3988 1003 4047 Ἠ
1018 3991 1156 4068 cephalis,
1174 3992 1244 4049 loliis
1261 3993 1301 4047 in-

192 4098 347 4174 tegerrimis
363 4096 419 4152 basi
435 4090 681 4168 aruplexicaulibus
707 4092 864 4150 lanceolalis
886 4093 974 4150 aculis
995 4095 1116 4170 superne
1134 4094 1238 4150 sensim
1254 4093 1300 4152 de·

192 4202 376 4258 viroconium<
400 4197 538 4272 supremis
558 4193 682 4268 oblongis
702 4195 851 4268 capitulum
875 4196 1111 4252 irrrelncinalilms
1129 4214 1215 4272 eoque
1232 4200 1299 4255 sub-

1146 4301 1162 4353 a
