3048 4780
784 337 804 396 8

237 481 325 538 tlraoae
347 495 397 536 nec
416 486 445 534 ut
465 477 492 533 in
515 475 550 532 N.
576 476 726 551 Pyrenoieo
753 474 973 549 ovato-oblongae
998 474 1124 548 turgitlae,
1149 474 1248 550 Μ’),
1270 475 1354 534 lineas

237 583 326 658 longae
341 581 413 660 stylo
432 582 464 658 Ἴ,
479 581 578 638 lineam
593 581 675 656 longo
687 578 830 656 apiculatae
845 596 908 635 cum
925 596 957 635 eo
971 577 1139 654 pedicellum
1155 579 1352 656 subaquantes

239 702 288 742 nec
303 702 335 742 eo
352 683 433 761 triplb
444 682 639 742 breviores—
654 681 688 738 N.
707 681 889 758 Pyrenaicum
914 679 1034 741 euattta
1057 681 1205 740 Germania
1225 693 1253 740 et
1277 684 1354 742 ltalia

238 796 279 844 est
301 786 455 844 certissime
469 785 577 861 species
594 785 745 842 Linnaeana
761 803 793 840 ex
815 783 939 840 iconibus
959 783 1102 841 lllorisonii
1117 795 1144 842 et
1159 783 1270 843 Allionii
1287 787 1350 843 cita-

239 889 271 944 tis
286 897 313 944 et
334 906 366 945 er
380 885 471 945 verbis
485 885 628 943 ‹Siliculc
643 885 765 944 oeulis.»

277 1041 372 1098 Erum
387 1057 558 1098 surrectura
576 1041 664 1099 Roiss.
686 1051 712 1097 et
727 1041 810 1098 Reut.

276 1197 308 1253 E.
327 1212 430 1262 annua,
452 1204 506 1252 tota
528 1195 683 1272 presertim
708 1195 815 1253 interne
830 1195 927 1252 setulis
946 1195 1016 1252 albis
1035 1196 1136 1272 patulis
1162 1195 1204 1252 vel
1225 1199 1351 1254 retrorsis

237 1299 357 1376 bispida,
377 1299 456 1358 caule
481 1299 560 1356 tereti
582 1319 596 1356 a
619 1300 676 1358 basi
703 1300 893 1358 ramosissimo
914 1302 996 1358 ramis
1018 1301 1120 1376 patulis
1139 1311 1202 1376 post
1221 1300 1351 1358 antbesin

236 1405 317 1480 longe
331 1404 456 1480 virgatis,
466 1403 537 1462 loliis
552 1404 865 1481 lyram-pinnatipartitis
882 1404 987 1462 laciniis
1000 1405 1271 1464 lineari-lanceolatis
1289 1407 1351 1482 plus

238 1509 366 1566 minbsve
381 1508 461 1566 acute
476 1506 745 1584 repando-dentatis,
762 1508 890 1566 loliorum
907 1509 1082 1584 superiorum
1102 1508 1221 1583 angustia
1237 1508 1350 1565 lineari-

236 1613 286 1671 bus
303 1613 472 1688 subinlegris
489 1611 623 1669 terminali
635 1615 715 1669 ovata
726 1611 879 1688 oblongave
891 1612 947 1670 basi
956 1612 1121 1693 confluenti,
1138 1612 1241 1688 sepelis
1257 1612 1351 1669 viridi-

232 1717 347 1776 rubellis
359 1716 461 1793 glabris
475 1716 622 1783 ceterisve,
636 1715 734 1792 petalis
748 1715 817 1773 albis
832 1716 1133 1782 violaceo-reticulatis,
1145 1717 1253 1792 siliquis
1265 1715 1346 1791 pedi-

235 1823 305 1881 cello
320 1840 414 1879 crasso
430 1820 595 1878 brevissimo
615 1819 738 1877 suffultis
753 1819 794 1876 axi
810 1819 950 1895 adpressis
968 1819 1032 1896 plius
1049 1821 1177 1877 minirsre
1198 1821 1349 1878 retrorsbm

235 1926 353 2002 hispidis
368 1923 752 2001 cylindricosubcompressis
772 1934 861 1981 rostro
879 1925 919 1982 eis
935 1924 1013 1982 tertii
1029 1934 1105 2001 porte
1120 1924 1238 1982 breviori
1255 1924 1349 1999 glabro

235 2046 395 2106 compresso
411 2027 575 2094 terminatis,
591 2026 707 2084 valvulis
722 2029 852 2084 convexis
878 2028 960 2084 dorso
983 2026 1106 2085 obsoleta
1121 2027 1286 2095 uninerviis,
1301 2045 1349 2084 se-

236 2131 357 2190 minibus
372 2133 540 2191 uniseriatis.

274 2235 344 2293 Hab.
371 2235 399 2291 in
418 2235 556 2312 pudoratis
585 2247 611 2292 et
635 2237 668 2293 ad
691 2255 786 2294 muros
814 2239 883 2296 circa
910 2237 1143 2295 Tlemseurllricae
1169 2236 1286 2293 borealis
1304 2232 1347 2290 ubi

234 2339 453 2416 vulgatissimam
466 2338 585 2414 legimus
598 2340 684 2417 Aprili
703 2339 788 2398 tute.

273 2443 385 2521 Species
404 2443 500 2501 babitu
522 2454 550 2500 et
571 2443 685 2503 lloribus
714 2445 763 2503 Er.
782 2449 878 2504 sotium
902 2447 1000 2504 «lanata
1021 2445 1069 2502 sed
1090 2445 1236 2510 ramosior,
1261 2441 1348 2516 magis

233 2551 348 2626 virgata,
367 2548 472 2607 laciniis
488 2548 615 2607 loliorum
631 2551 838 2626 angustioribus
853 2550 1032 2608 acutioribus.
1051 2547 1091 2606 ab
1101 2549 1131 2606 ea
1141 2547 1348 2606 distinctissime

232 2653 340 2731 siliquis
363 2655 451 2712 multo
472 2655 678 2732 angustioribus
693 2655 709 2712 t
724 2655 790 2733 Ἡ
807 2657 840 2732 ¹s2
857 2655 904 2714 lin.
927 2655 1016 2730 longis
1034 2655 1075 2712 vix
1094 2653 1193 2710 lineam
1211 2652 1271 2709 latis
1287 2669 1345 2707 ros-

233 2767 274 2812 tro
290 2755 387 2815 ciro3
403 2758 451 2818 lin.
471 2758 554 2835 longo
569 2759 718 2836 superatis,
739 2758 856 2815 valvulis
881 2757 1005 2815 obsoleta
1021 2775 1070 2814 nec
1086 2756 1213 2813 elevatim
1231 2756 1346 2811 unlner-

233 2858 295 2926 viis,
312 2861 489 2918 seminibusl
507 2879 558 2918 nec
575 2862 725 2918 &seriatis

269 3012 448 3069 Moarctnam
465 3011 570 3068 Burtcn
586 3011 675 3070 Roiss.
696 3024 723 3068 et
738 3013 820 3070 Reut.

270 3162 309 3220 Μ.
335 3164 465 3239 perennis
490 3164 582 3240 glabra
604 3164 795 3239 glaucescens,
824 3165 948 3225 caulibus
975 3167 1074 3226 erectis
1096 3165 1228 3225 teretibus
1250 3183 1265 3220 e
1286 3164 1345 3222 basi

228 3267 310 3343 parce
326 3269 454 3337 ramosis,
478 3268 550 3326 loliis
565 3269 742 3328 subcernosis
758 3271 883 3348 integris,
901 3271 1066 3330 radicalibus
1082 3270 1206 3329 ubovatis
1229 3269 1273 3326 vel
1295 3267 1343 3325 ob·

230 3374 496 3450 longo-spathulatis
513 3376 620 3434 obtusis
642 3376 701 3434 basi
722 3377 842 3436 breviter
863 3377 1027 3442 attenuatis,
1053 3374 1159 3434 caeteris
1181 3373 1269 3431 ovatis
1290 3370 1345 3428 ob-

231 3478 355 3555 longisve
375 3478 928 3557 auriculatiscordato-amplexicaulibus‚
945 3477 1136 3554 superioribus
1151 3475 1342 3544 acutiusculis,

229 3583 345 3641 racemis
360 3582 490 3642 brevibus
502 3585 660 3660 paucissoris
676 3593 740 3660 post
755 3581 883 3640 anthesin
902 3581 1050 3658 elongatis,
1064 3581 1156 3657 calyce
1172 3579 1293 3639 breviter
1303 3580 1341 3636 bi-

229 3696 349 3752 saccato,
364 3687 466 3761 sepalis
482 3687 664 3744 exterioribus
681 3685 860 3744 acutiusculis
878 3685 921 3742 vel
937 3685 1057 3742 breviter
1074 3695 1101 3741 et
1118 3684 1216 3742 obtuse
1232 3703 1341 3743 mucro·

230 3789 301 3846 natis
316 3787 432 3846 internis
449 3788 566 3858 obtusis,
583 3788 681 3865 petalis
707 3789 834 3848 violaceis
855 3790 934 3848 latice
954 3788 1091 3848 intensilrs
1116 3787 1257 3859 coloratis,
1282 3786 1341 3847 sili-

229 3890 290 3965 quis
313 3888 404 3966 longis
425 3889 631 3966 erecto-patulis
659 3891 974 3969 tereti-subcompressis
999 3892 1122 3951 obsolute
1142 3889 1342 3969 quadrangulis

228 3993 300 4070 stylo
314 4011 408 4053 crasso
429 3993 524 4052 conico
536 4013 633 4053 earum
648 3995 792 4054 latitudine
803 3995 848 4054 vix
860 3995 978 4071 longiori
995 3997 1159 4061 terminatis,
1178 3992 1265 4050 valvis
1287 3990 1341 4048 ob-

228 4098 314 4157 solete
334 4099 462 4158 carinatis
485 4099 616 4176 praeterea
641 4098 826 4168 subenerviis,
857 4098 1009 4158 seminibus
1036 4096 1193 4156 uniseriatis
1216 4095 1339 4154 minimis

228 4203 320 4281 parvis
336 4205 420 4281 nigris
441 4205 527 4263 ovatis
542 4206 710 4283 compressis
727 4205 902 4264 circumcirca
923 4202 1069 4262 latiusoule
1090 4199 1336 4278 albo-marginatis.
