3048 4780
711 342 753 405 19

172 483 362 560 superioribus
378 481 527 539 linearibus
542 481 721 548 acutissimis,
746 482 830 538 ramis
847 479 1012 538 dichotomis
1030 481 1144 548 strictiS,
1166 480 1288 538 diclroto·

173 587 236 643 miis
259 586 398 652 llorileris,
424 584 541 643 bracteis
564 584 714 642 linearibus
739 584 826 641 aculis
854 584 937 641 llores
966 583 1173 659 superantibus,
1197 583 1290 661 calyce

173 686 293 745 llorilero
309 689 388 745 tertia
407 697 484 763 parte
506 686 630 744 inferiori
647 684 723 744 valde
740 685 889 744 constricto
906 686 1011 743 clevato
1031 684 1064 742 ad
1080 684 1098 742 5
1112 685 1231 762 angulos
1249 686 1288 742 vi-

171 789 245 847 rides
260 791 379 867 enguste
395 790 466 848 alato
484 791 511 847 in
529 789 547 847 5
569 789 667 847 dentes
691 789 857 847 lanceolatos
873 789 1046 848 acuminatos
1065 791 1188 866 margine
1211 789 1290 848 cilia-

172 891 244 951 tulos
259 893 383 961 abeunti,
400 892 504 950 corolla
522 895 612 961 rosea,
629 892 784 970 petalorum
801 892 942 969 unguibus
964 893 1054 968 longis
1076 893 1103 949 in
1119 893 1219 952 limbos
1235 894 1290 950 mi·

172 995 264 1054 nimos
276 996 398 1073 calycem
412 997 455 1053 vix
470 1005 636 1074 superantes
651 1007 760 1054 retusos
773 997 878 1054 sensim
897 995 1047 1072 ampliatis,
1063 995 1216 1072 appendice
1228 996 1290 1054 elba

171 1098 247 1156 brevi
270 1098 392 1157 breviter
412 1099 437 1156 bi
458 1099 546 1156 raribs
571 1099 678 1168 trinua,
707 1099 820 1176 capsula
840 1098 998 1176 pedunculo
1023 1101 1176 1157 incrassato
1200 1098 1288 1176 rigido

171 1201 266 1258 stricto
281 1204 314 1259 ed
333 1201 440 1278 t-bplo
457 1201 576 1259 breviori
597 1201 710 1259 sullultd
727 1201 846 1278 oblonga
866 1202 988 1279 superne
1009 1201 1091 1278 longe
1107 1202 1287 1260 conicoatte-

171 1305 255 1360 nuata
268 1303 437 1381 thecaphoro
449 1323 500 1362 suo
514 1305 666 1362 retrursbm
684 1304 845 1381 pubescenti
858 1305 939 1381 triplb
952 1304 1070 1380 longiori
1084 1305 1137 1362 sub
1148 1305 1288 1363 lenleele-

169 1416 267 1481 ganler
283 1408 441 1466 transverse
460 1408 603 1484 rugulosd,
619 1408 774 1466 seminibus
795 1409 965 1485 compressis
975 1409 1059 1466 acute
1075 1419 1103 1466 et
1124 1407 1288 1484 regulariter

169 1509 348 1566 tuberculatis
362 1510 445 1568 secbs
459 1509 655 1587 periphaeriam
668 1510 860 1588 planiusculis.

208 1609 279 1667 llab.
303 1610 331 1666 iri
355 1609 438 1669 cultis
459 1611 577 1688 dlgerire
606 1611 712 1692 (bove)
747 1613 920 1672 Mauritaniae
945 1613 1122 1673 occidentalis
1143 1633 1186 1690 pr.
1210 1613 1286 1671 Orco

168 1713 285 1791 (Bere),
296 1714 329 1771 ad
346 1713 499 1790 Miserplin
510 1717 596 1793 prope
608 1717 683 1774 Oran
695 1717 801 1795 (boiss.
814 1727 841 1775 et
850 1717 948 1786 Reut„
963 1717 1050 1793 April.
1071 1716 1173 1795 11119),
1184 1718 1210 1774 in
1224 1719 1286 1777 llis·

168 1819 249 1893 panid
270 1819 341 1877 circe
359 1819 448 1877 Gades
462 1820 558 1898 (herb.
576 1820 717 1898 Fauclre.)

207 1923 302 1980 Planta
318 1925 449 1982 omnibus
467 1926 540 1982 notis
554 1924 584 1982 S.
603 1922 788 2001 muscipulam
804 1925 926 1982 referens
942 1924 976 1981 ab
988 1927 1021 1981 ed
1040 1923 1150 1982 tandem
1166 1922 1284 1981 distinc-

169 2027 273 2084 tissime
291 2028 363 2086 loliis
378 2029 532 2098 latioribus,
544 2029 662 2087 bracteis
677 2029 862 2105 longioribus,
880 2027 1046 2105 pedunculis
1061 2027 1197 2104 elongatis
1212 2026 1283 2085 lruc·

168 2130 254 2187 tileris
266 2130 307 2187 l-l
324 2133 356 2207 ¹l‚
367 2133 429 2190 -3
442 2133 490 2194 lin.
509 2134 611 2211 longis,
628 2134 729 2212 calycis
747 2134 839 2190 nervis
853 2133 971 2209 angust‘e
989 2143 1017 2189 et
1035 2132 1115 2190 acute
1130 2131 1209 2188 alatis
1231 2149 1282 2188 nec

166 2233 337 2304 laevissimis,
355 2236 415 2311 ejus
430 2235 558 2294 dentibus
577 2237 665 2295 mullb
680 2236 861 2305 acutioribus,
884 2236 997 2313 capsula
1017 2235 1098 2312 longe
1113 2235 1281 2294 comeo-aa-

164 2340 273 2412 gustatd
292 2356 343 2396 nec
358 2340 435 2415 apice
452 2340 496 2398 vir
515 2343 666 2412 ertenuatd,
684 2340 839 2400 seminibus
859 2339 941 2398 dorso
957 2340 1057 2417 planis.

203 2489 303 2548 Sruan'u
318 2490 496 2552 Nemorensis
520 2494 609 2553 boiss.
636 2495 707 2573 Voy.
725 2495 786 2552 Bol.
805 2494 871 2571 Esp.
889 2494 967 2570 Supl.
987 2514 1014 2571 p.
1033 2493 1086 2552 'lul
1106 2511 1122 2552 a
1141 2494 1176 2551 cl.
1194 2493 1281 2572 Soyer

164 2592 306 2652 Willemet
321 2606 348 2652 et
365 2596 451 2654 Godr.
468 2599 638 2675 inlllonogr.
655 2598 704 2656 Sil.
721 2599 815 2674 Alger.
841 2617 868 2675 p.
886 2596 925 2655 18
945 2596 978 2655 ad
996 2607 1118 2656 nostram
1136 2596 1167 2654 S.
1183 2595 1279 2653 melli-

163 2695 252 2768 ferum
267 2694 375 2753 ducitur
391 2698 438 2754 sed
454 2700 487 2756 ab
502 2703 535 2757 ed
549 2701 670 2776 speciem
696 2701 933 2759 distinctissimam
951 2698 1109 2758 constituit!
1124 2699 1187 2757 Vid.
1204 2699 1274 2777 Voy.

163 2794 226 2856 Bot.
247 2795 264 2854 l.
285 2814 310 2855 c.

203 2897 297 2956 Silene
314 2897 450 2978 vilipenso
466 2902 562 2960 llunze
581 2903 676 2962 Chlor.
699 2906 778 2983 Hisp.
802 2927 829 2965 n.
858 2905 942 2964 156³
962 2907 992 2964 S.
1021 2907 1149 2984 inopertd
1169 2905 1203 2967 L.
1220 2924 1276 2963 non

161 3000 264 3058 dillert.

202 3103 294 3162 Silene
308 3109 500 3166 ramosissimis
513 3109 604 3170 Boiss.
617 3111 688 3189 Voy.
707 3113 769 3171 Bot.
784 3114 851 3190 Esp.
870 3133 925 3172 non
942 3114 1020 3173 Desl.
1034 3127 1077 3171 est
1095 3113 1124 3171 S.
1142 3131 1274 3188 permane

161 3207 219 3282 Gay
236 3208 263 3262 in
284 3212 392 3268 Cossou
418 3211 484 3269 Not.
513 3213 552 3290 pl.
576 3215 643 3291 Esp.
667 3234 695 3292 p.
719 3215 752 3274 31
778 3235 812 3274 ex
835 3217 1033 3293 speciminibus
1058 3216 1163 3276 itineris
1182 3217 1274 3274 Βουτ-

159 3310 240 3384 geani
254 3327 319 3368 cunr
331 3312 525 3375 Boissierianis
536 3317 654 3388 collatis,
672 3320 733 3378 ideo
753 3319 783 3379 S.
799 3321 931 3378 Boissieri
946 3325 1005 3400 Gay
1018 3321 1115 3380 eodem
1132 3321 1203 3388 loco,
1217 3339 1271 3377 non

157 3411 259 3471 dillerl.

198 3590 342 3650 Drmruus
362 3595 531 3657 Amisimus
546 3600 637 3658 boiss.
656 3612 683 3659 et
697 3602 782 3660 Rent.
798 3601 885 3680 (Sect-
907 3599 1151 3680 Corpoplpllum.)

197 3764 233 3822 1).
251 3771 381 3842 perennis
402 3772 537 3847 glabellus
558 3775 659 3852 pallide
677 3778 780 3847 virens,
804 3779 930 3838 caulibus
945 3778 1206 3838 suffrutescentibus
1224 3797 1268 3836 as·

155 3867 339 3928 condentibus
354 3873 490 3951 elongatis
515 3877 621 3937 loliosis
641 3879 739 3940 obtuse
757 3881 895 3958 angulatis
914 3882 1021 3941 inlernb
1035 3881 1087 3939 sub
1100 3881 1173 3940 lente
1188 3884 1269 3959 parcb

156 3973 444 4050 pruinoso-puberulis
455 3983 576 4057 superne
596 3985 712 4042 ramosis
740 3985 786 4042 1-5
809 3986 884 4043 lloris
899 3986 932 4043 ad
948 3986 1075 4043 loliorum
1088 3983 1267 4042 insertionem

156 4076 446 4150 nodosoincrassatis,
474 4083 545 4143 loliis
572 4089 690 4161 anguste
718 4088 998 4146 lineari-lanceolatis
1025 4087 1113 4146 acutis
1141 4083 1266 4158 rigidulis

154 4182 346 4244 strictiusculis
360 4188 444 4263 supra
461 4186 641 4264 planiusculis
663 4192 731 4250 inlr'a
750 4212 836 4251 nervo
855 4194 945 4250 medio
966 4195 1114 4249 incrassato
1134 4191 1267 4250 cariuanti
