3120 4772
742 318 789 382 79

244 463 352 521 Ectucu
371 479 542 518 rocrclurou
564 463 651 520 Boiss.
674 459 774 534 Diagn.
794 460 831 535 pl.
853 479 906 527 on,
928 477 959 516 uo
975 461 1021 528 ll,
1049 479 1075 536 p.
1095 461 1144 518 lib.

246 592 276 647 E.
295 609 414 666 perennc
439 589 524 646 viride
550 599 636 644 tntum
663 588 724 662 pilis
744 589 875 644 brevibus
900 589 1000 645 albidis
1024 608 1038 646 e
1063 589 1205 647 tuberculo
1232 589 1322 646 albido

206 694 271 749 ortis
286 693 468 768 strigulosum
487 692 578 748 «loliis
597 690 760 748 radicalibus
784 692 891 766 magnis
915 691 1044 750 rosulatis
1061 692 1321 749 lanceolata-linea·

206 797 291 865 ribus,
308 797 435 853 caulibus
461 795 638 852 numerosis»
661 793 876 869 simplicissimis
899 795 1113 859 ascendentibus
1139 796 1245 853 inlernb
1269 815 1323 853 an-

204 900 305 976 gulatis
323 899 426 956 foliosis
442 898 563 974 supern'e
580 896 662 972 longe
680 897 989 972 pyramidem-spientis,
1008 897 1079 955 loliis
1095 897 1212 955 caulinis
1227 917 1241 954 a
1266 900 1322 956 basi

206 1003 293 1059 latiori
306 1001 511 1060 subauricolata
528 1000 845 1058 lanceolata-linearibus
861 1002 1028 1058 acutissimis
1043 1004 1149 1059 sensim
1166 1003 1322 1069 diminutis,

205 1105 319 1182 spiculis
351 1105 480 1162 brevibus
507 1103 743 1180 subscarpioideis
776 1104 896 1162 breviter
925 1105 1117 1180 pedunculatis
1144 1104 1208 1163 lolio
1234 1107 1322 1163 llorali

207 1209 360 1266 lanceolata
376 1210 418 1265 rel
435 1209 531 1266 lineari
547 1210 573 1264 in
591 1209 766 1267 inlerioribus
787 1209 869 1267 ssores
894 1211 1014 1286 aequanti
1034 1212 1061 1267 in
1077 1211 1268 1286 superioribus
1284 1213 1324 1269 eis

207 1313 325 1370 breviori
346 1311 468 1368 sullultis
491 1314 516 1368 in
543 1314 647 1389 spicam
666 1333 720 1369 non
739 1315 922 1389 interruptam
939 1314 1050 1390 longam
1069 1325 1179 1372 tenuem
1199 1313 1256 1372 basi
1280 1317 1324 1372 vir

208 1419 332 1475 latiorem
348 1418 556 1493 approximatis,
576 1419 677 1496 calycis
699 1419 765 1474 inlra
790 1419 910 1476 medium
932 1420 1020 1496 usque
1036 1420 1254 1497 quinquepartiti
1282 1420 1323 1476 in·

207 1523 283 1579 lerne
308 1521 486 1598 glabriusculi
503 1521 608 1578 laciniis
632 1522 791 1580 lanceolatis
815 1525 902 1582 acutis
923 1524 1045 1599 superne
1063 1524 1149 1600 rigide
1166 1524 1199 1581 ad
1225 1542 1325 1580 nervos

208 1638 234 1683 at
254 1629 406 1702 marginem
428 1627 669 1702 strigoso-otiaris,
693 1627 803 1685 corollae
827 1646 919 1703 parvae
941 1628 1007 1684 tubo
1024 1628 1118 1702 glabro
1134 1627 1220 1704 calyci
1238 1629 1324 1701 aequi-

210 1732 302 1806 lougo,
333 1731 416 1787 limbo
440 1731 550 1788 intense
573 1731 694 1787 violaceo
717 1732 796 1788 extus
812 1731 943 1806 adpresse
959 1731 1063 1786 sericeo
1089 1730 1153 1787 tubo
1168 1729 1325 1805 aequilongo

210 1834 314 1889 laciniis
331 1833 484 1890 rotundatis
500 1832 731 1908 subaequilongis‚
749 1833 916 1889 staminibus
929 1832 1032 1908 glabris
1047 1833 1150 1891 corolla
1165 1832 1250 1908 duplo
1263 1831 1325 1888 lon-

210 1937 333 2012 gioribus
351 1936 581 2012 subaequilongis,
607 1936 731 1992 antberis
753 1935 883 1994 violaceis
905 1935 1095 2006 subrotundis‚
1119 1935 1191 2014 stylo
1207 1935 1325 1994 stamina

213 2041 355 2116 superanti
374 2041 450 2117 apice
476 2039 591 2098 bifidoa
617 2041 672 2098 basi
696 2042 763 2098 inlrb
786 2043 907 2099 medium
930 2042 1045 2111 hirtulo‚
1069 2043 1179 2101 nuculis
1204 2043 1326 2102 minimis

213 2144 389 2203 tuberculatis
407 2145 556 2202 tuberculis
573 2146 671 2201 acutis

251 2250 283 2305 Ε.
303 2247 496 2304 Lusitaeicum
513 2248 571 2305 DC.
591 2249 686 2305 Prodr.
706 2262 732 2306 et
750 2250 827 2310 berb.
847 2269 902 2308 non
918 2251 996 2308 alior.

251 2355 320 2411 Hab.
339 2359 364 2410 in
382 2354 453 2411 valle
469 2352 613 2411 Placentia
629 2355 834 2415 Ertrctnadurae
852 2358 923 2414 inter
942 2359 1112 2416 Tornadotus
1129 2369 1155 2416 et
1173 2358 1325 2416 Codezuela

211 2460 306 2537 (berb.
321 2459 442 2537 Paron.)
457 2459 500 2519 Ft.
513 2460 579 2518 dun.

251 2565 288 2622 Er
305 2564 538 2641 descriptiuncula
550 2566 691 2624 schedulae
708 2567 873 2624 Pavonianao
889 2566 982 2624 caules
998 2567 1140 2624 numerosi
1153 2565 1326 2623 concentricb

210 2691 224 2726 e
249 2669 338 2727 radice
356 2669 538 2726 ascendentes
562 2688 624 2727 esse
645 2671 773 2727 ridentur
788 2671 838 2727 sed
855 2689 889 2726 an
916 2689 930 2726 e
959 2679 1054 2726 centro
1072 2667 1172 2726 rosulae
1196 2681 1243 2726 aut
1258 2669 1325 2726 inlrb

211 2792 271 2830 eant
289 2784 439 2828 nascantur
457 2772 560 2828 nescio.
580 2774 641 2830 lllea
657 2770 809 2846 specimina
826 2768 1031 2846 sesquipedalia
1048 2781 1114 2826 sunt
1133 2769 1239 2827 inlernb
1255 2769 1326 2827 loliis

210 2875 260 2932 3-4
282 2874 349 2952 poll.
370 2872 461 2950 longis
480 2873 530 2930 ddi
551 2873 601 2933 liu.
621 2872 682 2929 latis
699 2872 784 2930 dense
800 2871 888 2930 obsita
910 2873 936 2929 in
955 2873 1059 2950 spicam
1077 2881 1190 2931 tenuem
1206 2871 1253 2932 5·8
1270 2874 1328 2951 pol-

211 2980 320 3036 licarem
336 2979 476 3036 abeuntia.
489 2979 586 3036 Flores
599 2997 613 3036 e
627 2977 752 3036 minimis
769 2979 893 3054 generis,
906 2979 983 3057 calyx
1000 2979 1043 3037 vix
1057 2978 1077 3037 b
1091 2978 1139 3036 lin.
1156 2979 1267 3055 longus
1281 2997 1327 3037 co·

211 3083 310 3142 rollab
329 3085 336 3115 ¹
342 3085 365 3156 l,
381 3084 474 3158 longa.
493 3083 583 3139 Alsum
600 3082 634 3140 E.
653 3083 783 3139 Mariana
799 3095 825 3139 et
842 3083 1035 3142 Paeoniauoa
1056 3083 1157 3160 quibus
1178 3081 1271 3140 differt
1285 3082 1327 3138 irt-

211 3189 344 3244 dumento
373 3185 523 3260 striguloso
557 3203 607 3241 nec
634 3185 698 3259 plus
725 3185 853 3241 minusve
878 3187 994 3252 sericea,
1016 3185 1144 3261 panicula
1166 3185 1329 3261 longissime

213 3289 364 3364 spicilormi
382 3288 499 3364 aliisque
519 3287 591 3344 notis
607 3299 634 3342 et
657 3288 775 3342 cumeis
798 3287 920 3345 formans
934 3287 1133 3345 sectiunculam
1150 3287 1184 3344 ab
1198 3288 1328 3344 omnibus

214 3394 306 3450 Ecliis
322 3395 464 3470 Europaeis
485 3392 588 3451 corolla
610 3391 716 3448 minuta
734 3390 908 3466 subregulari
931 3391 1099 3448 distinctam.
1132 3392 1165 3450 E.
1184 3391 1330 3447 Lusitani-

212 3517 272 3553 cam
288 3499 362 3573 quod
379 3500 404 3555 in
422 3498 500 3555 berb.
513 3497 627 3556 Jussieu
645 3495 709 3552 olim
724 3495 777 3551 vidi
794 3506 836 3552 est
851 3495 958 3571 species
974 3495 1181 3552 distinctissima
1200 3493 1331 3552 oxalllni-

212 3612 266 3658 tate
284 3602 317 3657 tt.
334 3601 426 3658 Italici
440 3603 518 3678 cujus
533 3602 681 3678 descriptio
703 3613 805 3659 nostrae
821 3600 921 3677 plautae
943 3599 1057 3656 minime
1073 3600 1204 3656 convenit
1220 3617 1284 3656 nam
1301 3600 1327 3654 in

212 3707 244 3758 ed
261 3703 343 3760 llores
362 3707 465 3777 magni,
482 3707 600 3763 stamina
625 3707 678 3764 duo
701 3709 762 3765 aliis
789 3707 874 3764 multo
901 3707 1036 3782 longiora,
1065 3705 1127 3762 lolia
1153 3703 1328 3763 molliuscule

212 3809 395 3876 canescentia,
414 3821 480 3877 etc,
498 3829 559 3866 esse
575 3810 713 3869 dicuntur.

254 3936 364 3994 Ecntuu
390 3954 546 3994 rouroutuu
564 3939 653 3995 Roiss.
674 3939 745 4016 Voy.
775 3941 840 4018 Esp.
869 3943 895 3998 in
922 3942 975 4002 tab.
1006 3941 1072 4010 tat,
1099 3941 1199 4017 Diagu.
1224 3941 1263 4015 pl.
1286 3955 1327 3997 or.

217 4042 246 4095 u⁰
264 4041 415 4118 tt,p.93.

257 4170 287 4225 E.
313 4171 423 4240 bienno,
451 4189 518 4227 cauo
533 4172 667 4247 griseum,
694 4172 764 4229 loliis
783 4173 960 4231 irtlerioribus
979 4172 1137 4230 lanceolatis
1160 4169 1247 4224 ortttis
1273 4167 1328 4226 basi
