3120 4772
734 352 778 416 (59

240 491 307 546 llab.
331 510 355 546 in
371 491 461 547 arenis
483 494 627 548 uiaritinns
644 494 730 568 prop'a
750 493 900 568 Tiirpirlem.
921 495 1027 571 (Boiss.
1045 506 1072 553 et
1087 495 1188 572 lleut.)

239 593 350 669 Species
367 594 453 670 prope
482 593 528 649 lb.
554 594 691 670 hispidam
716 596 801 654 llotb.
826 597 983 655 collocanda
1003 617 1064 673 quae
1085 618 1196 674 quoque
1225 617 1315 675 pappo

201 695 237 752 to
252 696 379 771 plunroso
399 697 501 771 gaudet
515 698 564 754 sed
580 697 666 753 babet
681 698 799 756 radicem
816 719 949 764 annnam,
972 701 1166 758 iinlurnenturn
1183 702 1250 758 setis
1269 722 1315 757 ra-

198 799 316 856 rioribus
334 799 505 875 longioribus
522 812 654 859 constans
669 813 794 859 setosunr
811 822 862 860 nec
878 803 997 861 breviter
1013 803 1179 872 velutinurn,
1193 804 1314 862 aclraenia

198 905 334 961 exteriora
352 905 462 979 longius
478 914 606 960 rostrata.

240 1007 286 1063 Tb.
306 1008 473 1064 llloroccono
486 1008 560 1064 Pers.
575 1027 588 1063 a
606 1008 730 1082 pluribus
748 1010 906 1067 auctoribus
931 1009 977 1068 Tb.
997 1009 1111 1086 bispida
1125 1009 1262 1067 associata
1280 1010 1314 1065 ab

198 1111 230 1164 ea
248 1108 456 1165 euidentissime
476 1107 567 1164 dillert
589 1111 682 1185 stipite
699 1111 823 1168 acbaenie
847 1112 1002 1187 quadruplb
1026 1113 1156 1186 longiori,
1181 1129 1271 1186 pappo
1289 1122 1317 1165 ut

200 1215 226 1268 in
245 1213 293 1270 Tb.
311 1212 386 1268 liirtil
402 1211 492 1268 tata
510 1231 560 1269 nec
577 1212 765 1289 lli-plumoso,
792 1215 923 1272 acbaeniis
939 1215 1122 1272 exterioribus
1143 1213 1317 1271 rectiuscnlis

198 1317 319 1392 superne
340 1317 418 1373 valdb
447 1318 605 1384 attenuatis,
634 1329 660 1374 et
686 1320 800 1393 insuper
825 1318 917 1394 ligulis
940 1318 1123 1375 exterioribus
1149 1317 1228 1373 extiis
1254 1317 1316 1391 pilis

199 1420 469 1495 strigosispraailitis.

245 1523 291 1580 Tb.
311 1524 439 1580 tuberosu
454 1523 514 1580 DC.
531 1524 662 1582 aebaeuiis
678 1525 841 1582 brexissinib
861 1526 998 1593 rostratis,
1021 1543 1111 1601 pappo
1126 1522 1311 1581 cadtieissiino

200 1627 295 1682 esetis
309 1625 348 1682 20
365 1636 391 1682 et
407 1625 476 1681 ultr'a
500 1626 527 1680 in
544 1627 678 1682 annulurn
696 1627 798 1684 interso
821 1629 982 1685 coadunatis
1004 1628 1141 1685 constanti
1158 1627 1314 1684 distinctis-

201 1731 268 1786 sirna
285 1739 337 1795 est,
355 1731 423 1785 etin
446 1729 493 1785 Tb.
520 1728 656 1806 bispidum
678 1730 762 1788 Rotli.
791 1744 820 1788 ut
843 1731 959 1789 tultCl.
984 1732 1073 1789 blerat
1092 1733 1164 1786 Anu.
1190 1729 1314 1786 SeNat.

203 1834 318 1890 transire
331 1831 443 1908 nequit!

241 1983 336 2040 Picnts
355 1999 517 2041 tonniroari
533 1983 623 2040 Boiss.
639 1997 665 2041 et
679 1985 763 2043 Reut.

242 2134 273 2191 P⁴
292 2137 433 2210 perennis,
453 2136 577 2193 caulibus
600 2139 700 2194 erectis
716 2138 829 2212 virgatis
848 2138 976 2196 tenuibus
999 2138 1072 2212 saepb
1092 2137 1206 2194 rubellis
1221 2137 1319 2194 setulis

200 2238 301 2314 patulis
320 2238 454 2313 elongatis
474 2239 542 2296 albis
563 2240 705 2316 fragilibus
724 2243 829 2317 sparsis
849 2242 946 2299 obsitis
970 2243 1075 2300 leliosis
1095 2243 1217 2318 superne
1235 2243 1317 2317 parce

200 2341 506 2416 sanioso-corymbosis,
527 2342 597 2398 loliis
614 2342 779 2400 radicalibus
795 2346 912 2419 anguste
936 2346 1096 2404 lanceolatis
1117 2346 1206 2420 longis
1229 2347 1318 2403 acutis

200 2443 514 2519 repando-subdentatis
531 2446 637 2504 inlernb
653 2447 735 2522 longe
751 2450 898 2506 attenuatis
921 2449 948 2505 in
972 2450 1106 2526 petiolum
1122 2451 1161 2506 eis
1177 2450 1318 2524 aequilen-

201 2567 267 2623 gunr
290 2547 333 2604 vol
355 2549 509 2623 longiorem
535 2551 712 2620 abeuntibus,
741 2554 857 2610 caulinis
884 2554 1056 2611 brevioribus
1082 2553 1242 2611 lanceolatis
1258 2552 1318 2608 basi

201 2648 291 2705 sossili
317 2649 430 2705 mininie
454 2653 699 2726 anrplexieaulibus
726 2656 856 2712 oninibus
877 2656 958 2731 parce
983 2656 1126 2722 setulusis‚
1152 2654 1318 2730 pedunculis

202 2753 246 2807 xix
258 2752 416 2807 incrassatis
433 2752 556 2812 obsoleta
572 2753 686 2820 striatis,
703 2754 831 2828 capitulis
853 2755 968 2827 parvis,
985 2755 1119 2811 involucri
1136 2753 1239 2831 phyllis
1256 2755 1317 2810 lari-

203 2854 501 2930 naceopuberulentis
516 2857 634 2931 anguste
659 2855 932 2914 lineari-lanceolatis
949 2859 1037 2914 acutis
1054 2857 1237 2914 exterioribus
1253 2873 1320 2932 pan-

201 2959 321 3015 cissintis
347 2958 579 3034 adpressiusculis
603 2958 715 3015 (liniiclib
743 2959 933 3024 brevioribus,
965 2958 1090 3016 ssosenlis
1120 2959 1318 3035 marginalibus

201 3059 300 3115 subtbs
317 3060 476 3134 purpureis,
491 3060 622 3117 aeliaeniis
639 3062 795 3118 transverse
811 3062 951 3138 rugulosis
970 3063 1069 3138 pallide
1085 3063 1218 3120 bruuneis
1229 3080 1319 3138 pappo

203 3162 283 3218 niveo
299 3163 339 3216 eis
354 3161 568 3235 sesquilongioti
586 3164 738 3218 terminatis
754 3166 936 3221 exterioribus
952 3166 1085 3222 incurris,

243 3263 314 3318 Hab.
332 3265 359 3319 in
375 3262 499 3319 dentosis
524 3264 621 3320 Sierra
636 3266 747 3321 ll'eeacln
768 3267 795 3322 in
818 3268 933 3341 regione
956 3268 1049 3342 alpina
1064 3268 1136 3323 circa
1154 3268 1211 3323 San
1230 3266 1320 3322 Gero-

202 3369 279 3423 nt'tno
291 3365 436 3444 (lleuter).
455 3367 497 3424 Fl.
515 3369 601 3424 ltalia.

242 3473 393 3548 Bipotlalis,
417 3472 479 3529 lolia
502 3473 630 3530 inferiora
650 3491 713 3529 curn
731 3472 831 3549 petiole
855 3470 903 3529 68
924 3473 1038 3548 pollices
1060 3473 1141 3547 longa
1167 3471 1217 3528 aa
1234 3471 1320 3528 lineas

204 3576 269 3643 lata,
287 3576 406 3651 capitula
420 3576 460 3632 eis
477 3576 510 3632 P.
525 3575 700 3633 bieraoioitlis
719 3578 839 3634 rninora.
860 3577 901 3634 Ab
918 3581 950 3634 eal
967 3576 1044 3634 lacilb
1061 3577 1153 3634 dillert
1166 3577 1255 3635 radice
1271 3595 1322 3653 pe-

204 3679 284 3732 renni
301 3697 351 3734 nec
369 3680 473 3749 bienni,
491 3679 563 3737 loliis
578 3681 786 3756 angustioribus
803 3681 896 3738 niinbs
912 3681 1030 3738 dentatis
1043 3680 1153 3757 longibs
1170 3681 1319 3757 peneleus,

204 3779 321 3836 caulinis
348 3785 490 3857 nunquam
517 3784 781 3859 aniplexieaulibus,
811 3786 945 3843 involucri
980 3785 1083 3862 phyllis
1115 3782 1322 3861 angustioribus

205 3883 387 3940 exterioribus
399 3902 453 3939 non
474 3889 815 3961 squarroso-patentibus,
833 3889 957 3947 llosculis
974 3888 1173 3966 marginalibus
1187 3908 1241 3945 non
1255 3906 1323 3944 con-

206 3986 354 4055 coloribns,
377 3987 540 4064 pedunculis
557 4008 612 4047 non
631 3991 798 4060 incrassatis,
812 3994 920 4051 tandein
939 3993 1102 4053 indumento
1120 3996 1203 4052 totius
1221 3993 1321 4067 plantae

211 4091 300 4146 rninbs
318 4111 426 4166 aspero.
