3048 4780
789 329 833 394 26

251 472 323 530 loliis
339 472 467 547 utrinque
489 470 560 546 pube
580 469 743 526 broirssnna
763 468 898 544 papillosd
919 471 1018 544 griseis
1043 469 1184 526 riscidulis
1200 469 1304 525 ambitu
1319 469 1368 525 ob-

252 574 510 653 longo-lanceolalis
531 573 694 630 tenuissime
721 573 941 648 bipinnarisecris
962 572 1062 630 lobulis
1082 573 1204 630 minimis
1229 572 1368 648 oblongo-

251 679 400 737 linearibus
417 675 626 747 obtusiusculis,
645 674 820 732 inferioribus
841 674 944 750 petiole
961 677 1000 732 eis
1022 676 1141 733 breviori
1163 674 1296 743 suffultis,
1315 693 1367 733 cae-

250 783 316 840 reris
338 780 494 841 sessilibus,
520 777 631 854 stipulis
654 778 783 835 scariosis
810 777 999 842 brevissimis.
1030 779 1195 855 pedunculis
1223 779 1249 835 in
1279 779 1367 836 axillis

248 884 439 961 superioribus
454 880 626 938 umbellatim
641 879 693 937 3-:3
709 880 786 938 lloris
802 880 1002 956 pedicellisque
1017 881 1110 958 calyce
1125 880 1239 958 3-e-plo
1260 881 1365 957 longio-

250 988 325 1046 ribus
347 987 466 1044 breviler
491 985 698 1053 hirto-riscidis,
723 985 826 1060 sepalis
847 983 975 1059 oblongis
997 985 1234 1061 albo-marginalis
1256 986 1367 1043 muricis

248 1091 344 1150 eddom
360 1090 432 1166 pube
447 1087 687 1166 papillati-viscidd
703 1086 764 1163 plus
787 1087 880 1144 miuus
902 1086 1010 1155 obsiris,
1035 1087 1134 1163 pelalis
1159 1087 1367 1164 subaequalibus

248 1192 517 1269 lilaciuo-purpureis
540 1190 725 1249 immacularis
740 1191 863 1268 calycem
885 1191 929 1247 rix
944 1191 1141 1266 superantibus
1156 1201 1366 1267 erecto-paten-

245 1298 329 1365 tibus,
345 1294 475 1372 carpellis
494 1294 627 1371 adpress‘e
642 1294 739 1369 pilosis
755 1305 844 1351 roslro
862 1295 981 1370 sparsim
1000 1306 1025 1352 er
1040 1295 1174 1371 adpresse
1190 1296 1366 1355 albo-setoso

246 1399 337 1474 calyce
354 1398 442 1454 mullo
458 1397 579 1472 longiori
596 1407 745 1473 superaus.

287 1503 335 1558 Er.
350 1499 453 1558 birlum
468 1501 546 1577 Jacq.
565 1500 622 1556 Ecl.
638 1500 691 1556 tab.
704 1497 877 1556 lber-Dc.
897 1500 974 1575 prod.
992 1519 1046 1558 non
1062 1501 1202 1563 ll'illd.-
1214 1502 1365 1560 Gerouium

242 1605 366 1682 pilosum
380 1603 486 1663 Thuill.
508 1602 550 1660 Fl.
571 1604 633 1659 Par.

283 1710 348 1766 Var.
368 1705 610 1768 &suboccule—
627 1704 790 1766 Subacaule,
809 1706 871 1762 lolia
888 1707 944 1762 lere
960 1708 1053 1764 omnia
1064 1709 1202 1776 radicalia,
1223 1710 1308 1767 lobuli
1319 1712 1365 1769 lo-

244 1815 342 1870 liorum
359 1811 503 1869 breviores
521 1810 688 1866 obrosiores.

283 1917 316 1973 E.
337 1913 441 1970 hirtum
456 1913 546 1970 Roiss.
566 1913 636 1988 l'oy.
654 1911 715 1968 Boi.
736 1913 801 1986 Esp.

281 2018 351 2075 Hab.
367 2017 474 2093 species
491 2017 517 2071 iu
537 2013 603 2070 locis
619 2015 744 2071 arenosis
761 2015 789 2070 in
813 2016 945 2092 Hispania
968 2018 1081 2075 australi
1099 2030 1125 2075 el
1143 2020 1256 2077 ceulrali
1275 2023 1365 2099 prope

241 2122 381 2179 blalrilum
398 2119 516 2198 (Reor.)
528 2128 555 2174 et
571 2117 695 2176 Sardinia
713 2119 879 2196 (Thomas),
899 2119 985 2178 Gallid
1002 2121 1164 2179 occidentali
1178 2124 1264 2200 prope
1284 2124 1363 2183 Nen-

241 2221 335 2281 ueles!
355 2230 381 2280 el
395 2223 466 2280 circa
484 2219 710 2278 Fonroin-ebleuu.
731 2222 796 2280 Var.
817 2224 843 2278 in
858 2225 983 2281 arenosis
1001 2225 1145 2282 maritimis
1169 2245 1248 2301 pror.
1273 2227 1361 2286 Mala-

241 2330 339 2385 ciranae
354 2323 479 2403 (Boiss.)

284 2430 349 2488 Haec
364 2428 456 2506 plania
472 2428 505 2484 ab
521 2427 553 2484 E.
578 2428 714 2484 cicutorio
732 2438 758 2484 er
779 2445 856 2504 spec.
874 2429 1003 2487 alliuibus
1022 2431 1094 2488 loliis
1118 2433 1281 2491 tenuissime
1303 2434 1364 2492 dis-

242 2533 326 2592 sectis
341 2530 504 2589 indumento
519 2530 645 2606 pupillari
663 2530 828 2588 brevissimo
847 2531 951 2589 riscido
970 2534 1070 2608 griseis
1095 2545 1121 2590 el
1139 2537 1293 2611 praeserlim
1312 2555 1363 2614 pe·

243 2637 303 2694 ralis
323 2636 394 2692 inter
416 2653 446 2692 se
471 2632 625 2710 aequalibus
648 2650 697 2709 per
719 2631 849 2690 antbesin
874 2650 929 2690 non
946 2636 1106 2710 paleucibus
1124 2637 1210 2714 calyci
1226 2638 1365 2714 subaequi-

242 2741 332 2815 longis
350 2738 428 2796 facile
443 2735 638 2813 distinguenda
656 2736 726 2793 iconi
745 2745 772 2793 et
792 2736 882 2797 deser.
904 2737 983 2814 Jacq.
1009 2741 1112 2816 optime
1131 2741 1294 2818 respondet,
1312 2743 1363 2801 sed

240 2861 338 2899 verum
352 2841 386 2897 E.
405 2839 517 2896 birrum.
539 2838 636 2895 ll'illd.
661 2849 703 2894 esi
723 2839 830 2913 species
851 2838 1052 2907 diversissima,
1074 2843 1218 2916 perennis
1236 2842 1288 2900 sub
1309 2862 1359 2901 uo-

241 2947 314 3002 mine
333 2943 396 3005 Ger.
417 2942 483 2998 birli
499 2943 526 2996 in
549 2940 626 2996 Desl.
646 2942 719 2996 Anu.
737 2940 772 2995 du
798 2941 868 2997 blus.
892 2953 957 2998 [orn.
988 2943 1025 3008 ΙΙ,
1046 2963 1074 3018 ρ.
1099 2945 1168 3013 urb,
1193 2955 1259 3004 lom.
1285 2947 1362 3005 XLV

242 3047 361 3106 exhibita
384 3057 411 3101 et
428 3044 470 3100 cui
488 3060 600 3118 quoque
620 3043 654 3098 E.
681 3040 867 3119 crossifoliunr
890 3047 907 3104 Β
930 3043 1099 3102 salinarium
1121 3046 1221 3106 Smilb.
1246 3050 1272 3106 in
1299 3049 1358 3108 DC.

243 3151 320 3226 prod.
338 3147 513 3204 relerendum
527 3157 578 3202 est.
598 3145 657 3202 Hoc
672 3164 704 3202 er
721 3146 838 3204 desertis
854 3148 966 3226 rEgypri
982 3161 1007 3205 er
1024 3151 1130 3208 Arabiae
1152 3153 1300 3211 oriundum
1318 3166 1362 3213 est

242 3253 338 3311 eadem
364 3252 456 3328 planta
471 3267 531 3324 qum
552 3250 577 3304 in
594 3249 695 3323 Diagn.
710 3250 747 3324 pl.
767 3250 816 3308 Or.
835 3251 897 3308 11⁰3
912 3253 963 3310 sub
981 3253 1030 3308 Er.
1051 3255 1169 3312 triderosi
1184 3258 1296 3314 nomine
1312 3258 1360 3316 de-

242 3360 342 3436 scripta
360 3357 420 3425 fuir,
439 3355 510 3432 quod
530 3372 630 3410 nomen
653 3356 703 3410 elsi
724 3358 863 3430 posterius
879 3357 912 3413 ob
929 3359 1046 3414 lorrnam
1063 3360 1258 3434 glaberrirnam
1272 3363 1361 3420 lormd

241 3464 313 3519 lrirld
329 3459 545 3537 frequentiorem
562 3467 588 3514 et
600 3458 713 3514 nimiam
727 3459 918 3515 conlusionem
932 3479 1152 3538 synonymorum
1166 3465 1289 3540 priorum
1302 3483 1361 3523 ser-

244 3565 362 3622 vandum
378 3565 458 3621 nobis
473 3581 535 3620 esse
552 3561 670 3618 ridetur.
688 3595 725 3601 -
741 3561 804 3617 Ger.
825 3561 999 3637 bipinuormn
1016 3565 1082 3622 Car.
1107 3567 1183 3624 Diss.
1204 3580 1222 3623 r.
1242 3568 1359 3627 llb—

243 3673 275 3730 Ε,
288 3669 463 3727 Numidicum
476 3668 566 3724 Poiret
576 3669 620 3734 (ex
632 3665 709 3719 icone
729 3674 756 3719 et
770 3663 970 3744 descriptione)
982 3668 1015 3724 ob
1032 3669 1064 3724 Ε.
1083 3670 1272 3747 Jacquiuiono
1285 3672 1358 3730 loliis

243 3777 324 3850 longe
346 3772 482 3850 petiolalis
507 3769 610 3825 ambitu
626 3770 951 3844 ovalo-triangularibus,
977 3773 1140 3848 pedunculis
1162 3775 1278 3843 bissoris,
1296 3775 1358 3851 gla-

243 3877 333 3942 brilie,
350 3873 448 3950 petalis
465 3869 647 3947 inaequalibus
658 3870 878 3930 diversissimum
892 3883 942 3931 est.

279 3979 413 4036 Erudium
441 3973 646 4032 involucrorum
667 3973 762 4032 Kunze
792 3976 887 4034 Chlor.
912 3977 992 4054 Hisp.
1027 3980 1059 4036 ab
1086 3981 1120 4037 E.
1149 3981 1282 4039 luciniaco
1305 3986 1354 4040 W.

240 4106 272 4146 ox
290 4081 489 4162 speciminibus
510 4098 524 4135 a
549 4079 584 4136 cl.
608 4087 679 4135 aucl.
700 4080 909 4138 communicaris
927 4101 983 4138 non
1002 4083 1104 4142 dillort.
1120 4118 1159 4128 -
1175 4085 1262 4142 Erod.
1280 4085 1356 4143 clioe-

240 4187 393 4266 roplipllum
412 4190 519 4248 Cossou
535 4184 600 4241 Nol.
623 4182 660 4258 pl.
684 4183 749 4259 Esp.
770 4202 833 4260 pag.
849 4184 888 4242 3⁶2
909 4204 963 4243 non
987 4187 1089 4244 erran.
1120 4202 1161 4245 est
1182 4189 1354 4265 ipsissimum
