3120 4772
730 337 776 400 73

238 483 349 539 lusione
366 492 493 538 niorttanu
512 500 569 536 arar.
591 479 725 536 littoralis
741 480 830 538 boiss.
849 482 919 559 l'oy.
936 483 995 539 But.
1011 483 1090 559 tttsp.
1109 503 1161 540 non
1179 483 1211 540 L.

240 585 307 642 llab.
326 587 351 640 in
369 586 494 642 arenosis
510 597 536 640 et
552 585 691 660 sylvaticis
708 584 789 640 totius
805 585 913 643 Baeticae
925 586 995 644 circh
1014 585 1173 655 distrahar,
1194 585 1311 650 Seailla,

202 689 343 757 Grcrtndn,
363 693 528 764 ilritaqnero,
548 690 632 742 treas
649 687 754 762 (Boiss,
781 699 806 744 et
824 688 925 766 Reut.)
941 690 1038 748 Rauda
1059 702 1084 747 et
1107 691 1207 747 Puerto
1226 691 1314 749 Sento

199 793 289 848 llario
304 793 460 867 (Bourgeau
478 791 515 867 pl.
534 810 592 848 ers.
609 791 649 847 lb*⁰
658 791 710 847 391
732 805 757 847 et
771 790 822 849 dhl
841 791 886 868 α.)

238 896 331 950 Planta
355 895 517 950 irulinnento
536 894 599 969 pliis
623 894 714 950 rninlis
731 896 855 970 copioso,
881 899 998 963 statura,
1017 899 1175 955 raniositate
1198 910 1225 955 et
1243 897 1315 955 loliis

197 999 259 1072 pliis
276 1000 368 1054 ininits
385 999 503 1054 dentatis
520 997 712 1074 polynrorpha.
732 1017 746 1054 a
763 998 842 1056 nubis
860 1012 887 1056 et
900 1000 1025 1074 pluribus
1041 1001 1101 1058 aliis
1116 1021 1177 1059 curn
1191 1002 1216 1058 J.
1234 1021 1315 1058 naon-

197 1113 269 1155 tuiue
291 1100 468 1155 varietatibus
490 1101 603 1156 conlusa
626 1119 640 1154 a
663 1103 715 1175 qna
734 1101 811 1157 lacilh
836 1101 1008 1178 dignoscitur
1035 1105 1125 1161 radice
1149 1108 1241 1163 annua
1265 1124 1315 1163 nec

197 1205 303 1268 bienni,
323 1203 393 1260 loliis
414 1205 505 1260 nrinhs
528 1203 676 1260 linearibus
699 1206 803 1280 sparsis
831 1225 881 1263 nec
907 1207 933 1262 in
957 1217 1033 1282 parte
1049 1208 1171 1265 inferiori
1192 1210 1314 1266 caulium

196 1306 281 1361 dense
308 1307 459 1378 congestis,
490 1305 654 1380 pedunculis
681 1305 862 1375 brevioribus,
893 1308 1027 1365 involucri
1056 1309 1158 1386 phyllis
1187 1310 1240 1368 7·9
1266 1331 1316 1369 nec

197 1407 353 1464 ta-ao-nis
373 1408 520 1483 uanioribus
545 1409 628 1466 llores
650 1412 824 1485 aequantibus
848 1431 898 1470 nec
914 1414 953 1468 eis
973 1413 1059 1470 ntnlth
1079 1414 1263 1472 brevioribus.
1284 1417 1315 1472 ln

195 1512 220 1570 J,
241 1515 373 1568 attentanti
392 1516 505 1588 insuper
522 1513 646 1588 pedieelli
667 1514 730 1570 tubo
753 1516 877 1591 calycino
896 1518 981 1574 nrultb
999 1517 1138 1593 longiores
1152 1529 1228 1587 sunt,
1246 1519 1316 1576 laci-

197 1617 302 1691 niaeque
315 1617 415 1692 calycis
434 1617 590 1691 glaberrirni
605 1617 669 1672 tubo
687 1619 730 1674 vix
749 1621 986 1696 sesquilongiores
1002 1624 1104 1680 corolla
1122 1625 1236 1682 diniidih
1250 1625 1314 1682 bre-

198 1721 296 1777 viores.
319 1720 344 1776 J.
365 1718 531 1795 penicillum
553 1721 640 1777 Boiss,
660 1740 672 1775 a
690 1725 785 1778 nostra
800 1725 892 1798 specie
910 1725 1014 1780 laciniis
1031 1727 1132 1802 calycis
1150 1727 1316 1804 spathulatis

200 1825 264 1880 tubo
287 1826 328 1880 rix
347 1825 528 1899 longioribus,
548 1837 613 1891 etc,
634 1827 732 1882 exiuai‘e
748 1826 849 1882 dillert.

234 1981 349 2036 ,lesione
367 1997 499 2036 centauri
519 1981 605 2036 aotss.
628 1993 653 2036 ct
671 1980 753 2037 lleut.

234 2132 260 2186 «Ι.
289 2131 407 2192 biennis,
438 2132 539 2205 saepihs
577 2130 747 2206 pluricaulis,
777 2131 901 2190 caulibus
932 2133 1147 2190 ascendentibus
1178 2134 1314 2209 elongatis

196 2235 345 2292 laxiusculb
358 2235 462 2291 loliosis
478 2247 554 2311 parto
569 2235 688 2292 llorileral
704 2236 774 2293 ciliis
791 2236 859 2293 albis
875 2236 938 2312 plhs
954 2239 1047 2294 niinbs
1062 2238 1180 2314 hispidis
1198 2239 1240 2296 vel
1257 2259 1316 2296 nio-

196 2338 355 2413 nocephalis
371 2341 396 2394 in
416 2337 604 2413 pedunculuni
623 2340 737 2414 longurn
754 2338 880 2414 glabrurn
901 2339 1066 2398 abeuntibus
1087 2342 1129 2397 vel
1149 2343 1233 2417 snpra
1254 2361 1315 2400 nie-

194 2441 268 2497 diuni
288 2443 367 2516 parce
387 2444 513 2508 carnosis,
532 2442 603 2499 loliis
618 2442 722 2499 eisdern
739 2443 808 2498 ciliis
829 2444 891 2518 plhs
908 2445 1036 2501 niiuhsve
1053 2445 1170 2520 hispidis
1187 2446 1220 2501 ab
1240 2446 1314 2502 inle-

160 2538 165 2546 ’
194 2547 311 2603 rioribus
337 2547 630 2621 oblongo-lanceolatis
662 2547 767 2604 obtusis
793 2548 912 2604 arcuatis
944 2549 969 2602 in
991 2549 1124 2623 petiolum
1153 2547 1314 2622 longiuscu·

193 2647 250 2703 lurn
268 2649 417 2702 attenuatis
435 2648 467 2702 ad
481 2650 623 2722 superiora
643 2649 749 2704 sessilia
767 2647 917 2705 lanceolata
941 2650 1110 2723 lineariaque
1126 2650 1219 2704 stricta
1235 2661 1314 2706 acuta

191 2751 377 2806 subundulata
408 2751 511 2807 sensini
546 2750 702 2815 diminutis,
733 2751 860 2824 capitulis
895 2751 1013 2824 anagnis,
1045 2751 1179 2807 involucri
1211 2751 1314 2828 phyllis

191 2854 274 2910 dorso
290 2854 438 2930 hispidulis
452 2853 598 2910 tata-nis
615 2853 743 2929 oblongis
758 2851 901 2908 evidenter
914 2853 1039 2928 margine
1056 2854 1213 2912 incrassatis
1232 2854 1314 2913 obso-

194 2959 246 3016 lete
264 2971 290 3016 et
307 2961 411 3016 renroth
432 2958 679 3016 arcuato-sinuatis
703 2957 791 3014 rarihs
812 2956 988 3014 denticulatis
1010 2958 1098 3015 acutis
1117 2959 1228 3016 corollis
1250 2959 1311 3016 bre-

193 3061 325 3127 vioribus,
341 3059 482 3135 pedicellis
499 3059 600 3135 calycis
617 3059 681 3116 tubo
697 3071 778 3116 ovato
795 3059 889 3134 glabro
905 3061 1187 3136 sesquilongioribus,
1207 3062 1312 3119 laciniis

192 3163 257 3220 tubo
271 3162 356 3236 dnplb
374 3160 543 3234 longioribus
561 3160 663 3234 glabris
679 3161 815 3217 subulatis
839 3163 933 3235 rigidis
955 3163 980 3218 in
998 3181 1162 3221 mucronem
1184 3166 1308 3242 subpun-

192 3277 302 3338 gentern
326 3263 474 3319 attenuatis
498 3261 600 3318 corolla
624 3263 667 3318 vix
690 3265 787 3337 quarta
814 3275 890 3336 parte
908 3265 1079 3321 brevioribus
1104 3279 1165 3340 post
1182 3268 1309 3325 anthesin

191 3367 411 3443 divergentibus.
563 3430 566 3438 ¹

229 3474 255 3552 l.
273 3484 407 3530 niontonc
421 3473 510 3532 Boiss.
529 3472 598 3549 Voy.
620 3473 679 3530 hot.
698 3471 763 3547 Esp.
779 3471 848 3527 excl.
864 3489 921 3524 var.
943 3489 997 3526 nou
1013 3471 1045 3527 L.

231 3579 300 3635 llab.
321 3580 346 3634 in
368 3578 508 3654 sylvaticis
535 3589 562 3633 et
587 3577 704 3634 collibus
733 3575 841 3633 Baeticae
871 3574 953 3631 variis
980 3575 1059 3640 locis
1086 3576 1157 3633 circa
1189 3577 1310 3648 (lancia,

191 3682 338 3756 Estepona.
365 3681 423 3736 San
444 3682 548 3758 Reque,
574 3681 663 3739 Codice
686 3680 781 3758 (herb.
810 3677 948 3756 Fauchd),
967 3677 1066 3736 Rauda
1083 3680 1246 3758 (Bourgeau
1268 3685 1307 3760 pl.

191 3801 248 3840 ers.
265 3781 366 3859 tata),
382 3785 408 3838 in
423 3783 543 3841 Castella
560 3787 645 3842 veteri
659 3787 730 3842 circ'a
749 3784 890 3842 lllatrituni
906 3781 936 3838 ul
953 3783 1056 3844 Perde,
1077 3783 1173 3842 Sierro
1184 3786 1216 3843 de
1233 3785 1308 3845 Gna·

190 3890 324 3943 darrorna
339 3885 487 3962 (lleuter.)

232 3991 333 4047 Carales
352 3989 422 4064 Μ,
440 3988 566 4062 pedales
590 3988 651 4045 lolia
668 3991 708 4046 eis
725 3990 751 4044 l.
769 3999 909 4046 nieutona
924 3990 1017 4048 latiora
1033 3993 1134 4066 majora
1153 3991 1239 4047 rnultb
1255 4010 1311 4047 nia-

191 4099 231 4172 gis
248 4116 354 4172 sparsa,
368 4093 486 4170 capitula
499 4093 554 4149 lerb
565 4093 763 4167 magnitudinis
778 4093 802 4148 J.
812 4094 955 4171 perennis.
966 4094 1077 4170 Species
1091 4094 1235 4168 hucusque
1245 4110 1309 4154 cum

190 4201 214 4257 J.
236 4201 370 4256 rnorttcud
386 4198 498 4256 conlusa
518 4197 597 4271 cujus
613 4197 731 4254 radicem
753 4197 880 4253 biennenr
897 4197 978 4253 habet
994 4196 1042 4263 sed
1058 4212 1120 4270 quae
1132 4193 1202 4253 loliis
1218 4195 1310 4259 linca-

1113 4298 1149 4354 ld
