3120 4772
763 355 828 418 120

277 497 346 552 Hah.
366 499 392 552 in
409 494 551 572 paludosis
567 495 694 553 Castellae
710 495 812 552 veteris
826 495 860 552 ad
879 493 938 552 Son
960 495 1086 572 Ropbuel
1100 497 1234 576 (Reater,
1250 495 1351 576 ldlrl).

275 598 365 656 Culmi
383 597 439 654 ler'e
452 597 610 674 tripedales,
624 597 751 674 panicula
768 596 828 656 land
844 597 994 675 cylindrica
1008 599 1056 656 3-4
1074 600 1143 676 poll.
1166 600 1261 676 longa.
1283 599 1355 678 Spe·

237 699 293 756 cies
307 699 399 755 aristae
412 698 498 754 lorrnd
512 707 539 755 et
554 697 726 774 longitudine
745 699 781 754 H.
799 697 881 756 mont·
895 699 985 758 affinis
1001 700 1034 758 ab
1046 719 1079 758 eo
1093 701 1193 760 eximie
1208 703 1301 760 dillert
1316 722 1355 760 ra·

238 802 297 859 dice
313 801 429 858 bulbosd
454 800 556 859 fibrosd
582 819 633 858 nec
656 803 774 878 repenti,
800 801 902 878 glumis
921 803 1056 880 elongatis
1073 805 1161 881 magis
1177 805 1351 874 acuminatis

239 907 276 962 tt.
301 906 444 962 tuberosus
469 904 541 962 Salz.
565 924 580 962 a
602 914 698 962 nostro
719 905 811 963 differt
833 905 984 964 tuberculis
1008 905 1173 965 radicalibus
1197 907 1352 984 aggregatis

240 1007 477 1064 turionilormibus
493 1006 687 1064 secedentibus
708 1006 849 1082 aristdque
864 1007 939 1064 brevi
963 1007 1088 1066 incurva.
1109 1005 1199 1064 Holeo
1213 1006 1354 1083 setiplumi

239 1111 330 1169 Boiss.
355 1120 381 1168 et
399 1111 484 1168 Reut.
507 1109 590 1186 Diag.
610 1109 648 1186 pl.
668 1109 749 1185 Hisp.
773 1128 838 1168 nov.
863 1118 891 1168 et
906 1128 1083 1188 synonymon
1105 1111 1355 1188 adjungendusest

240 1214 276 1269 H.
294 1231 407 1270 annuus
425 1212 526 1270 Salzrn.
543 1212 624 1273 herb.
641 1231 656 1270 e
674 1213 794 1288 Tingide.

280 1316 412 1392 Hispania
430 1315 558 1390 adjuncta
569 1315 740 1374 Mauritaniae
755 1324 831 1392 parte
843 1313 959 1373 finitima
971 1333 1033 1373 vera
1047 1317 1131 1392 patria
1147 1317 1257 1393 generis
1273 1315 1356 1374 Hodoi

239 1419 333 1476 baberi
356 1426 458 1494 potest,
475 1437 539 1475 narn
555 1436 588 1476 ex
604 1418 656 1476 hdo
671 1418 740 1476 ilord
755 1427 854 1495 praeter
870 1419 909 1475 H.
928 1416 1055 1476 tanetum
1070 1428 1096 1478 et
1111 1418 1223 1476 mollem
1242 1419 1268 1476 in
1293 1437 1354 1495 par·

240 1521 312 1578 tibus
327 1519 590 1596 septentrionalibus
611 1531 770 1588 nascentes
789 1521 827 1578 H.
851 1522 974 1591 Reuterr',
992 1531 1161 1599 argenteum,
1181 1522 1350 1590 tuberosum,

241 1625 422 1701 oaespitosum,
438 1624 643 1701 prendiderunt
657 1635 683 1684 ot
699 1627 771 1684 iuter
785 1624 893 1702 species
907 1643 1014 1684 annuas
1027 1625 1063 1683 H.
1085 1625 1232 1701 Goyenurn
1247 1634 1274 1682 et
1289 1625 1355 1681 seti-

243 1727 362 1806 gturnem
376 1729 516 1788 novimus

282 1884 424 1942 Aonosrrs
439 1899 582 1940 nrsratucn
597 1884 687 1944 Boiss,
701 1895 726 1942 et
744 1884 828 1942 Reut.

282 2036 315 2093 Α.
333 2032 483 2112 perennis?
498 2035 589 2094 radice
605 2035 718 2101 fibrosb,
731 2037 832 2094 culmis
847 2034 927 2093 elatis
939 2035 1250 2112 erectisadpaniculunr
1267 2036 1355 2111 usque

244 2139 361 2208 loliosis,
379 2138 450 2197 loliis
467 2139 569 2196 strictis
590 2139 692 2214 glabris
716 2139 838 2217 undique
862 2139 1025 2198 scabridulis
1049 2141 1147 2216 argute
1170 2139 1354 2196 multistriatis

244 2242 329 2299 linrbo
346 2243 441 2300 stricto
457 2243 575 2318 anguste
592 2242 861 2301 lanceolato-lineari
880 2243 1171 2302 subulato-attenuato
1189 2260 1221 2300 eo
1238 2241 1294 2298 lolii
1309 2259 1355 2298 su·

244 2341 361 2419 perieris
376 2341 532 2416 paniculanr
548 2343 622 2418 saepb
637 2342 823 2418 subaequauti,
839 2342 925 2419 ligula
938 2346 1018 2401 ovatd
1032 2345 1106 2421 saepb
1119 2345 1242 2401 truncata
1254 2343 1355 2417 lacera,

244 2443 372 2520 panicula
388 2443 469 2519 longa
492 2444 583 2501 erecta
603 2446 742 2501 contractd
763 2445 995 2522 oblongo-lineari
1014 2447 1098 2504 ramis
1122 2445 1171 2503 5-6
1188 2445 1356 2504 verticillatis

244 2547 347 2605 strictis
363 2545 533 2621 ramulisque
545 2545 674 2604 tenuibus
689 2547 805 2620 scabris,
821 2547 964 2624 pedicellis
976 2548 1108 2606 scabridis
1124 2548 1200 2624 apice
1218 2548 1358 2606 incrassa·

247 2650 280 2708 tis
306 2650 413 2728 spiculd
439 2648 683 2725 sublongioribuS‚
708 2649 811 2727 glumis
836 2651 1043 2728 subaequalibus
1067 2652 1169 2728 glabris
1197 2650 1357 2709 lanceolatis

245 2753 333 2811 acutis
357 2752 630 2812 virescenti-rebellis
656 2752 810 2811 uninerviis
830 2753 954 2810 interiori
976 2754 1091 2812 acutiori
1120 2753 1240 2812 carinatd
1265 2753 1358 2810 carina

246 2857 353 2924 scabrd‚
370 2855 506 2933 superiori
524 2874 573 2932 pro
589 2855 762 2931 longitudine
775 2857 858 2933 paulb
872 2857 960 2914 latiori
973 2857 1055 2916 dorso
1071 2857 1164 2916 minas
1176 2857 1298 2914 carinatd
1312 2857 1360 2915 lae·

247 2957 383 3024 viusculd,
407 2957 523 3012 flosculo
545 2955 735 3031 albo-hyalino
761 2957 928 3029 glaberrirno
945 2959 1047 3014 mutico
1065 2958 1108 3013 vel
1126 2958 1251 3028 aristote,
1279 2956 1358 3034 palea

247 3059 371 3117 interiori
397 3057 490 3133 glumd
513 3057 609 3130 quarta
629 3069 705 3132 parte
728 3056 848 3114 breviori
869 3058 946 3134 apice
966 3063 1199 3119 truncato-retusal
1215 3064 1295 3120 erosa
1310 3059 1358 3120 at

247 3161 400 3230 aristulatd,
428 3159 564 3235 superiori
587 3152 667 3236 triplb
691 3159 812 3218 breviori
828 3161 1165 3238 emarginalo-bidentatd,
1184 3165 1268 3223 arista
1285 3166 1359 3223 rectd

248 3286 263 3325 e
280 3265 371 3324 medio
386 3265 468 3324 dorso
482 3264 569 3342 palear
588 3264 725 3322 interioris
744 3267 803 3323 orta
815 3284 876 3324 eam
891 3265 936 3323 vix
950 3267 1104 3324 excedenti.

287 3371 359 3429 Hab.
376 3372 404 3428 in
420 3368 565 3426 Lusitania
584 3367 674 3436 (herb.
696 3368 815 3446 Paron),
844 3369 871 3424 in
893 3367 1039 3427 maritimis
1065 3369 1207 3446 Hispaniae
1230 3369 1358 3429 australis

247 3476 320 3532 inter
338 3471 484 3530 Gibrnltur
500 3480 528 3528 et
546 3470 686 3548 Estepona
704 3469 828 3550 (Roiss.)
845 3471 971 3530 Varietas
993 3473 1095 3531 nrutica
1118 3474 1189 3532 circb
1212 3473 1359 3532 Mutritunr

247 3575 324 3653 (Nee
342 3576 369 3630 in
385 3574 465 3632 herb.
485 3573 603 3650 Paron.)

288 3676 385 3733 Planta
403 3676 492 3753 l'tsb
506 3675 623 3752 pedalis,
649 3676 712 3732 lolia
736 3675 842 3734 inlernb
859 3676 961 3736 lineam
984 3688 1032 3736 aut
1054 3679 1137 3757 paulb
1152 3679 1272 3757 amplius
1287 3679 1359 3748 lata;

217 3798 221 3804 ·
249 3778 376 3856 panicula
393 3776 460 3833 otu
476 3777 626 3854 polliceris
642 3775 755 3853 spiculae
768 3778 808 3836 eis
821 3781 854 3838 A.
874 3779 1043 3860 stoloniseroe
1057 3784 1139 3860 panib
1152 3784 1281 3860 majores.
1293 3784 1360 3842 Huc

248 3897 264 3936 a
280 3879 374 3935 nostrl
390 3877 482 3935 dillert
506 3877 597 3936 radice
615 3877 787 3948 stolonilerd‚
806 3881 890 3958 liguld
906 3883 1035 3950 breviori,
1053 3886 1183 3962 panicula
1198 3885 1284 3942 nrultb
1299 3885 1359 3942 bre-

251 3981 320 4039 viori
333 3981 564 4058 ovato-oblonga,
584 3980 670 4057 paleis
686 3985 839 4044 obsoletids
854 3987 1038 4046 denticulatis.
1055 3989 1079 4044 Α
1098 3987 1357 4048 CastellnsnnBoisS.

251 4092 278 4138 ot
295 4081 378 4139 Ilout.
394 4081 484 4139 radice
500 4091 528 4140 et
542 4082 628 4142 lonnd
645 4086 780 4162 paniculae
794 4089 909 4165 propilrs
924 4089 1014 4148 affinis
1030 4091 1143 4167 spiculis
1159 4093 1314 4150 minoribus
1333 4101 1361 4152 et

250 4183 365 4243 ssosoulo
384 4185 441 4244 basi
459 4185 548 4262 piloso
567 4189 660 4248 statim
675 4190 708 4248 ab
722 4191 753 4250 ed
775 4191 958 4269 dignoscitur.
977 4195 1043 4267 Agr.
1064 4190 1202 4250 rioutnrir
1218 4196 1295 4254 Brot.
1315 4197 1356 4254 Fl.
