3048 4780
704 359 743 420 l'l

214 510 244 565 F.
262 506 384 564 revoluta
403 504 500 562 Forslr.
528 519 560 557 er
583 501 703 576 AEgypto
726 499 817 554 diflert
834 498 960 554 caulibus
980 496 1192 562 robustioribus,
1213 496 1285 552 loliis

174 611 323 688 maioribus
339 607 538 682 laboribusque
554 603 647 661 minus
664 603 737 659 arctb
757 600 891 659 revolutis
911 600 1068 658 distinctius
1085 599 1235 677 petiolatis,
1256 600 1286 657 u.

175 715 262 772 roseis
275 712 437 788 majoribus,
453 707 554 784 calycis
571 706 635 763 tubo
651 703 886 773 inlernbhirsuto,
902 702 1027 762 enthecis
1041 703 1126 780 dupld
1141 702 1290 780 majoribus

171 816 392 889 ovato-oblongis
414 831 464 870 nec
485 807 676 867 subrotundis.
698 806 731 864 F.
754 806 915 882 corymbosa
929 806 1007 864 Desl.
1028 824 1109 883 quam
1132 805 1160 862 in
1179 804 1291 882 Algerid

171 918 280 977 abunde
296 917 415 992 legimus
430 912 547 972 lloribus
564 909 650 968 dense
665 909 838 987 corymbosis
853 909 1012 986 purpureis,
1027 909 1182 985 petalorum
1199 907 1290 968 limbis

173 1022 298 1079 eboratis
313 1019 392 1096 apice
406 1014 588 1074 subrotundis
601 1013 635 1070 ab
645 1011 780 1069 ambabus
795 1010 1003 1070 distinctissime
1015 1023 1068 1070 est.

213 1123 373 1181 Franlrenr'a
395 1116 577 1196 plomcrulatn
599 1117 706 1173 Cosson
728 1113 795 1173 Not.
820 1113 858 1191 pl.
886 1114 952 1191 Esp.
981 1133 1009 1190 p.
1040 1113 1078 1171 30
1106 1124 1148 1172 est
1164 1117 1221 1190 ipsa
1242 1116 1289 1172 Fr.

179 1227 311 1283 Boissieri
322 1225 426 1281 lleuter
440 1222 467 1278 in
491 1220 583 1278 Bniss.
600 1218 670 1295 Voy.
685 1217 747 1275 Bet.
765 1217 832 1293 Esp.
852 1216 921 1293 Sup.

211 1374 311 1432 Suasa
326 1387 490 1429 rastosrrrr
503 1369 591 1426 Boiss.
609 1366 711 1444 Diagn.
729 1368 769 1442 pl.
786 1386 828 1424 or.
846 1365 878 1441 9,
889 1384 917 1443 p.
931 1365 981 1423 79.

213 1525 241 1582 S.
258 1541 349 1580 annua
368 1533 423 1578 tota
439 1518 526 1578 dense
543 1519 810 1594 griseo-tomentella
827 1519 940 1586 riscida,
960 1520 1085 1579 caulibus
1097 1523 1292 1600 plurimis'pu·

176 1625 250 1684 milis
265 1620 496 1682 decumbentibus
512 1620 764 1679 ascendentibusve
780 1619 839 1678 basi
855 1622 936 1697 parce
949 1634 976 1678 et
990 1623 1096 1682 alterne
1110 1627 1228 1684 ramosis
1237 1644 1296 1685 ses·

173 1728 271 1787 silibus
288 1725 438 1783 linearibus
456 1721 632 1782 subssaccidis
655 1723 836 1780 acutiusculis
853 1724 978 1781 obsoletis
996 1726 1149 1784 unincrviis
1167 1729 1293 1806 superio-

173 1832 249 1890 ribus
263 1831 370 1888 sensim
385 1827 541 1904 angustatis
557 1825 791 1902 abbreviatisque,
803 1825 919 1884 floribus
933 1829 1016 1886 secus
1034 1847 1126 1888 ramos
1139 1831 1297 1892 terminales

174 1935 268 2012 paucis
279 1934 347 1992 laris
362 1932 491 1990 secundis
509 1929 667 2008 pedunculo
683 1930 758 1988 tenui
773 1930 826 1988 sub
836 1929 946 1988 antbesi
959 1933 1158 2010 erecto-patulo
1172 1935 1294 2013 calycem

176 2037 348 2113 subaequanti
373 2033 507 2103 suffultis,
532 2033 624 2110 calyce
649 2051 700 2108 per
723 2032 853 2090 authesin
869 2035 974 2092 seraclb
1002 2035 1152 2112 cylindrico
1177 2051 1297 2114 angusto

177 2140 234 2197 basi
250 2139 365 2214 abrupte
384 2148 508 2195 truncato
524 2137 646 2194 breviter
660 2134 858 2192 hirto-viscido
875 2137 1087 2196 membranaceo
1109 2139 1145 2196 to
1160 2141 1235 2200 striis
1255 2143 1298 2200 ri-

177 2242 283 2300 ridibus
307 2259 442 2318 percurso
464 2237 528 2297 ine
552 2239 650 2296 dentes
674 2244 771 2296 oratos
795 2238 909 2297 obtusos
925 2239 978 2298 late
997 2241 1298 2307 albo-membranaceos

175 2345 254 2412 lisso,
273 2344 376 2401 lamind
395 2342 550 2420 petalorum
573 2342 653 2399 rosed
673 2343 790 2398 cuneata
813 2341 847 2398 ud
869 2342 977 2401 tertiam
997 2351 1105 2420 partem
1127 2347 1297 2408 divaricatlm

176 2448 265 2506 bilobd
292 2447 385 2524 patuld
409 2447 435 2502 in
463 2461 586 2522 unguem
609 2444 750 2502 inclusum
768 2443 861 2502 subito
885 2449 1037 2516 contracta,
1061 2467 1171 2510 coronae
1193 2455 1296 2528 promi-

175 2552 249 2610 nulas
265 2551 335 2608 lobis
361 2550 449 2609 oratis
469 2548 589 2617 obtusis,
611 2548 692 2625 stylis
713 2547 796 2625 longe
816 2551 933 2608 exsertis
949 2552 1113 2630 cibatisque,
1131 2555 1297 2630 pedunculis

177 2655 319 2712 defloratis
336 2653 491 2730 patulisvel
507 2651 622 2711 deflexis
636 2651 722 2725 calyci
738 2661 830 2710 erecto
846 2653 941 2712 inssato
959 2656 1079 2732 oblongo
1101 2657 1295 2733 subaequilon-

178 2758 232 2832 gis,
255 2756 368 2830 capsula
390 2755 483 2829 calyce
505 2753 612 2810 inclusi
633 2757 892 2813 mustaceo-tenera
913 2757 998 2814 nitidd
1020 2757 1092 2816 ssavrl
1106 2761 1202 2817 conica
1220 2763 1297 2838 apice

177 2861 320 2919 attenuata
341 2857 472 2916 dentibus
491 2856 658 2915 aurantiacis
681 2859 850 2916 mucronatis
871 2859 1044 2936 carpophoro
1059 2863 1216 2940 aequilongo
1235 2867 1297 2924 sul-

177 2962 254 3031 lultd,
264 2960 418 3020 seminibus
430 2958 626 3018 renilormibus
644 2959 727 3017 dorso
750 2962 881 3019 conseris
904 2962 947 3020 vix
969 2966 1136 3041 compressis
1155 2967 1206 3025 sub
1222 2968 1296 3027 lente

177 3065 340 3123 tenuissime
361 3062 551 3120 tuberculatis.

218 3167 289 3224 llab.
303 3168 331 3222 in
348 3167 473 3223 arenosis
486 3165 624 3222 montosis
640 3162 793 3223 Lusitaniae
809 3165 979 3244 (Gutbniclr)
995 3178 1021 3225 et
1032 3167 1173 3245 Hispaniae
1188 3179 1296 3231 austra-

178 3270 211 3325 lis
227 3266 335 3344 (Boiss.
352 3266 453 3323 Webb.
469 3264 589 3341 Reuter)
606 3265 680 3323 etad
697 3266 833 3341 Trepidam
848 3265 984 3345 (Salzm.)

219 3371 248 3429 S.
266 3368 368 3427 uillosa
381 3369 471 3426 Boiss.
485 3367 557 3444 Voy.
572 3367 634 3426 Bet.
651 3368 716 3442 Esp.
730 3386 765 3425 ex
781 3379 858 3445 parte
876 3381 903 3427 et
921 3381 993 3428 auct.
1012 3372 1085 3448 hisp.
1102 3392 1155 3429 non
1172 3371 1271 3434 Forslr.

215 3474 293 3531 lianc
307 3473 429 3550 speciem
454 3472 485 3529 S.
511 3470 614 3528 villosd
637 3470 737 3529 Forslr.
755 3504 778 3512 -
801 3471 830 3530 S.
853 3470 992 3550 Canopico
1009 3473 1072 3531 Del.
1089 3476 1216 3535 eamdem
1232 3499 1293 3538 esse

176 3578 278 3637 credidi
294 3578 380 3635 donec
401 3575 568 3653 exemplaria
584 3594 734 3633 numerosa
753 3575 836 3651 hujus
858 3575 886 3631 in
902 3577 1027 3634 arenosis
1045 3576 1157 3656 AEgypti
1180 3593 1207 3638 et
1225 3584 1294 3642 Ara·

177 3679 228 3736 bie
244 3693 353 3754 petraeae
369 3679 437 3736 lecta
453 3697 514 3736 eam
530 3697 544 3734 a
561 3679 812 3755 plantdllispanicd
826 3678 1044 3737 diversissimum
1060 3701 1122 3740 esse
1135 3685 1290 3745 docuerint.

179 3783 209 3839 S.
224 3781 326 3838 villosa
340 3793 382 3838 est
397 3782 509 3840 brevibs
526 3783 633 3840 hirsuta
650 3783 799 3859 minbsque
815 3782 928 3851 viscida‚
952 3783 1035 3842 babet
1055 3786 1117 3844 lolia
1135 3787 1229 3846 latiora
1244 3793 1291 3849 ob·

177 3884 436 3960 longo-lanceolata,
453 3884 536 3942 llores
551 3885 577 3941 in
594 3885 770 3942 dichotomiis
787 3884 962 3944 inferioribus
979 3887 1047 3946 sitos
1064 3891 1138 3965 quod
1155 3891 1181 3948 in
1199 3898 1293 3952 nostra

175 3988 269 4066 specie
288 4004 431 4063 nunquam
446 3987 577 4054 occurrit,
595 3987 744 4062 pedicellos
759 3987 923 4057 crassiores,
938 3988 1060 4066 calycern
1074 3993 1156 4052 etium
1177 3997 1229 4053 sub
1243 4014 1293 4052 an·

177 4091 249 4148 tbesi
265 4090 403 4148 clavatum
429 4088 602 4147 acutiuscute
622 4089 777 4157 dentatum,
804 4106 913 4165 ungues
934 4089 1017 4165 longe
1044 4103 1179 4157 exsertos,
1204 4096 1293 4172 stylos

177 4193 339 4252 brevissime
360 4191 523 4270 pupillosos,
545 4191 694 4268 pedicellos
720 4191 874 4249 fructiferos
895 4192 1126 4268 erecto-patulos,
1150 4199 1292 4275 capsulam

1137 4296 1154 4350 3
