3120 4772
792 322 838 388 80

255 466 374 523 brevitor
394 465 542 522 attenuatis
567 465 699 540 adpressit
722 475 749 521 ot
774 465 860 522 densb
882 465 993 530 setosis,
1019 463 1097 520 caule
1122 462 1228 520 sulcato
1252 458 1368 536 simplici

255 570 344 627 rarilrs
364 570 422 627 basi
437 569 578 627 ramuloso
601 569 667 626 setis
689 569 795 643 sparsis
810 567 908 625 albidis
923 567 1052 644 pubequc
1076 566 1193 624 breviori
1213 564 1370 621 intermittat

253 672 372 746 strigoso
385 671 411 726 in
431 671 534 747 spicam
556 670 669 746 longam
684 669 792 727 interne
804 669 988 745 interruptam
1005 687 1126 726 crassam
1141 669 1194 744 jam
1210 667 1266 724 lerb
1280 685 1294 721 a
1312 666 1369 722 basi

254 778 312 851 ipsd
325 774 449 842 abeunti,
467 773 538 831 loliis
553 773 670 830 caulinis
686 773 886 849 [localibusque
899 773 955 830 basi
972 773 1091 830 dilatatis
1107 770 1277 830 subcordatis
1290 770 1368 826 hisce

256 880 377 956 spiculus
392 877 633 953 subscorpioideas
648 877 845 954 subelongatas
864 896 918 935 non
939 878 1124 954 aequantibus,
1148 874 1265 934 bracteis
1286 873 1368 930 trian-

253 982 395 1057 gularibus
419 981 506 1038 acutis
526 981 593 1038 lacie
617 981 738 1039 breviter
761 981 903 1058 puberulis
930 981 1055 1057 margine
1081 980 1244 1055 regulariter
1265 976 1369 1034 ciliato-

253 1084 408 1159 pectinata,
422 1084 522 1161 calycis
539 1083 644 1141 laciniis
659 1082 731 1160 pube
744 1082 846 1158 duplici
859 1083 946 1140 altera
958 1083 1033 1140 brevi
1046 1083 1189 1159 adpressat,
1202 1081 1288 1138 altera
1298 1082 1368 1138 setis

251 1188 284 1244 ad
304 1186 442 1262 margines
459 1187 616 1262 pectinatim
639 1187 671 1243 ad
688 1205 789 1244 nervos
804 1187 923 1262 sparsim
939 1186 1081 1262 dispositis
1100 1186 1237 1244 constanti
1258 1185 1366 1252 obsitis‚

251 1291 361 1348 corollae
378 1290 442 1346 tubo
463 1290 586 1366 ocalyce
608 1289 727 1348 breviter
747 1302 855 1348 exserto
883 1290 967 1348 limbo
988 1291 1107 1366 longiori
1129 1291 1204 1346 intus
1229 1289 1262 1345 ad
1288 1289 1365 1345 basin

250 1391 457 1448 filunreutorum
474 1390 610 1447 birtorum
625 1391 743 1448 hirsuto.

291 1493 324 1549 E.
342 1491 525 1569 glomeratum
541 1493 630 1550 Boiss.
648 1494 718 1570 Voy.
736 1494 803 1570 Esp.
820 1493 878 1551 tut
895 1513 949 1551 non
963 1495 1079 1552 Poir.—
1090 1495 1123 1554 E.
1139 1495 1363 1570 Loposcaessoiss.

250 1598 291 1654 El.
308 1616 361 1655 uon
378 1597 413 1655 ll.
431 1610 459 1654 et
475 1598 540 1655 Scb.
559 1631 596 1640 —
612 1598 644 1652 E.
678 1599 814 1655 Boissiari
839 1599 935 1656 Steud.
960 1599 1109 1658 Nomencl.
1131 1635 1170 1642 -
1192 1600 1226 1656 E.
1243 1598 1367 1656 atticano

249 1701 344 1759 Sebott
361 1720 414 1759 non
435 1702 501 1774 laag.

290 1806 359 1864 Hab.
380 1807 406 1862 in
425 1806 505 1880 Hisp.
523 1806 634 1861 australi
652 1805 785 1883 (Ruiss.).
802 1806 890 1863 Africa
909 1807 1010 1863 borcali
1023 1808 1056 1862 ad
1074 1807 1216 1880 Tiuoident
1232 1806 1367 1884 (Salzm.)

249 1923 272 1964 ot
292 1907 434 1982 [ligerium
456 1908 568 1984 (Rure).

289 2013 330 2067 llb
346 2010 379 2066 Ε.
393 2008 544 2086 glomerato
563 2010 654 2067 Poiret
669 2029 788 2086 quocum
803 2013 829 2067 in
851 2031 935 2087 opere
946 2012 1027 2068 citato
1040 2012 1186 2068 conlusurn
1203 2011 1292 2068 lucrat
1311 2012 1365 2068 dil-

249 2116 297 2172 lurt
316 2115 387 2172 loliis
403 2115 485 2173 inler.
508 2114 627 2171 breviter
648 2116 796 2172 attenuatis
823 2135 873 2173 nec
895 2117 975 2192 louge
994 2117 1144 2193 potiolatis,
1163 2115 1241 2172 caule
1258 2115 1365 2173 sulcato

248 2237 298 2274 nec
326 2219 514 2286 teretiusculo‚
540 2218 611 2274 loliis
636 2218 778 2275 lloralibus
800 2219 857 2276 basi
883 2219 1002 2277 dilatatis
1022 2220 1142 2296 spiculus
1168 2219 1364 2295 subulongatas

249 2340 304 2378 non
320 2321 494 2395 aequantibus
511 2339 560 2377 noc
572 2339 618 2379 cas
634 2321 715 2398 lougb
728 2324 925 2399 superantibus
939 2326 1102 2402 regulariter
1117 2324 1363 2402 cibato-pectinatis

247 2444 299 2481 noc
316 2423 491 2481 inordinatim
510 2425 742 2492 setoso-hirsutis,
767 2426 916 2484 [ilamentis
941 2429 1061 2503 tuboque
1084 2429 1158 2487 intlts
1182 2429 1293 2486 hirsutis
1310 2445 1361 2483 nec

249 2529 433 2604 glaberrinris.

285 2684 430 2740 birosorrs
451 2698 638 2738 utuurrrcona
654 2681 744 2740 Boiss.
764 2696 789 2739 et
802 2683 885 2741 [lent.

285 2832 323 2888 ill.
355 2852 446 2889 annua
474 2852 544 2890 nana
571 2844 626 2892 tota
645 2835 707 2910 pilis
732 2837 801 2894 albis
818 2838 947 2895 brevibus
973 2839 1073 2914 patulis
1096 2841 1171 2916 saepe
1193 2840 1362 2898 uncinulatis

243 2934 409 2990 densissime
428 2935 569 3000 velutina,
599 2937 725 2994 caulibus
740 2939 842 3012 saepibs
866 2939 992 3014 pluribus
1012 2942 1110 2997 erectis
1127 2942 1303 3017 simplicibus
1319 2946 1361 3002 vel

243 3037 334 3095 medio
358 3054 480 3104 ram0s0‚
510 3036 582 3094 loliis
605 3039 845 3116 ovato-oblongis,
872 3044 988 3100 racemis
1016 3044 1073 3101 basi
1089 3044 1190 3104 loliatis
1213 3049 1360 3108 lructilaris

241 3141 354 3209 strictis,
381 3141 521 3218 calycibus
540 3142 739 3203 subsessilibus
759 3146 905 3205 lructileris
923 3150 1021 3208 orcctis
1041 3149 1143 3209 clausis
1165 3153 1219 3211 citb
1236 3154 1360 3213 deciduis

241 3243 338 3302 sctulis
358 3243 493 3304 uncinatis
509 3245 595 3304 densa
610 3255 636 3304 et
659 3248 780 3326 undique
803 3250 911 3321 obsitiS,
940 3253 1051 3313 corollae
1077 3255 1199 3315 minimae
1227 3259 1269 3316 vix
1289 3277 1359 3335 per-

242 3347 346 3422 spicuae
361 3345 459 3406 albidaa
475 3347 539 3405 tubo
557 3348 664 3407 incluso
688 3350 771 3408 limbo
792 3353 887 3410 clauso
912 3356 988 3431 apice
1003 3369 1162 3433 angustato,
1184 3360 1252 3418 iobis
1275 3363 1357 3420 rectis

241 3450 357 3523 integris
373 3450 415 3506 vel
433 3450 530 3508 leviter
546 3453 735 3528 emarginatiS,
750 3454 883 3515 acbaaniis
895 3458 983 3516 ovatis
999 3465 1168 3538 compressis
1183 3466 1357 3524 extremitate

240 3561 400 3607 attenuatis.

279 3654 350 3710 Hab.
379 3657 406 3710 in
424 3657 549 3713 arenosis
566 3659 686 3733 regionis
706 3659 806 3734 alpinae
826 3663 902 3738 regni
925 3665 1115 3736 Granatensis,
1141 3667 1238 3727 Sierru
1256 3669 1355 3748 Tejeda

239 3775 369 3814 cacumen
386 3756 521 3836 (Boiss.),
541 3759 635 3816 Sicrro
653 3759 774 3830 Neocdo,
792 3783 809 3820 o
824 3763 851 3821 lo
872 3765 960 3826 Coeno
974 3769 1007 3826 de
1021 3771 1168 3830 Pandaron
1182 3775 1256 3834 inter
1269 3776 1353 3834 Juni-

237 3878 317 3938 poros
335 3859 481 3938 (Reuter).

278 3963 402 4022 Plautula
422 3964 480 4021 Ἡ
498 3965 636 4040 pollicaris
655 3986 687 4025 ex
710 3968 841 4030 affinitate
860 3975 896 4032 tt.
920 3978 1024 4035 stricto
1039 3979 1087 4037 sed
1107 3982 1141 4040 ab
1170 3986 1201 4041 ed
1222 3983 1349 4042 distincta

237 4070 399 4128 indumento
416 4069 563 4146 copiosiori
585 4072 674 4148 magis
694 4074 816 4133 velutino
832 4088 859 4136 et
881 4079 915 4136 ob
931 4081 1002 4156 pilos
1020 4084 1193 4144 uncinulatos
1209 4086 1286 4146 lacilb
1297 4088 1350 4146 ad-

237 4169 364 4242 haerenti,
380 4174 472 4251 calyce
490 4174 603 4233 dimidio
621 4177 720 4235 minori
747 4190 854 4239 maturo
877 4183 993 4242 deciduo
1023 4187 1144 4265 undique
1175 4192 1347 4252 uncinulato·
