3120 4772
774 325 821 388 92

237 466 399 524 indumento
415 466 579 541 glandirloso
596 468 758 525 brevissimo
774 468 891 544 asperis,
910 467 1023 525 [loribus
1038 467 1071 524 ad
1092 483 1233 522 ramorum
1249 465 1354 541 apicem

238 587 363 626 racemos
376 570 552 627 unilaterales
568 571 690 645 primlrm
705 571 845 628 conlectos
858 570 968 629 tandem
979 570 1147 627 laxiusculos
1161 568 1353 634 formantibus,

239 670 356 728 bracteis
372 672 531 730 lanceolatis
554 673 661 750 calyces
676 674 851 750 aequantibus
866 673 1099 750 superantibusve
1123 683 1151 730 ut
1165 672 1190 729 ei
1208 672 1271 749 pilis
1286 670 1355 728 albis

239 772 427 846 eglandulosis
443 773 533 841 hirtis,
551 775 651 852 calycis
677 777 810 851 praeterea
831 776 950 850 sparsim
969 773 1260 851 stipitato-glandulosi
1281 773 1353 830 lobis

240 875 328 931 oratis
343 875 451 932 obtusis
466 878 578 952 capsuld
590 879 711 952 superne
728 877 867 954 bispiduld
880 898 934 936 non
951 877 1133 954 longioribus,
1151 874 1263 934 corollae
1274 875 1354 933 luteae

243 977 306 1033 tubo
326 978 432 1035 incluso
449 978 519 1035 labio
537 981 672 1055 superiori
694 999 854 1057 compresso
872 981 971 1038 obtuso
989 981 1071 1037 dorso
1091 992 1117 1036 et
1133 979 1257 1054 margine
1279 997 1354 1054 spar-

241 1081 294 1137 sim
310 1092 336 1138 et
352 1084 472 1140 breviter
489 1084 619 1146 ciliatato,
639 1085 762 1142 antlreris
778 1087 855 1160 apice
872 1085 937 1141 villo
949 1086 1094 1143 connexis.

285 1183 316 1238 0.
335 1186 441 1242 viscosa
457 1204 515 1241 var.
532 1185 667 1243 australis
681 1189 770 1247 Boiss.
789 1188 860 1264 Voy.
877 1189 938 1244 Bor.
958 1188 1024 1263 Esp.

283 1287 353 1344 Hab.
369 1290 394 1344 in
414 1289 546 1363 Hispania
563 1291 676 1347 centrali
693 1293 763 1348 circ'a
777 1288 934 1359 'alariarum
958 1290 1071 1348 australi
1095 1291 1121 1345 in
1144 1308 1230 1364 regno
1254 1293 1357 1348 Graea-

245 1391 326 1446 tensi.
344 1391 449 1466 (Boiss.
469 1392 571 1468 Reut.)

283 1492 323 1548 Ab
341 1492 373 1546 0.
387 1493 491 1548 viscosd
502 1496 631 1570 specifice
646 1495 774 1553 distincta
795 1497 879 1553 ramis
895 1497 981 1554 mrrltd
998 1497 1087 1570 inagis
1103 1494 1206 1552 dissitis
1221 1493 1356 1566 elongatis

244 1595 344 1667 patulis
359 1594 539 1671 caulibusque
555 1597 726 1656 firmioribus
743 1601 835 1657 minlrs
858 1600 1011 1676 fragilibus,
1030 1599 1101 1655 loliis
1117 1596 1289 1655 brevioribus
1304 1613 1358 1652 an-

244 1699 431 1772 gustinribus3
449 1698 565 1758 bracteae
580 1701 611 1760 O.
626 1704 735 1760 viscosae
748 1704 861 1779 insuper·
875 1703 1099 1760 linearisetaceae
1113 1712 1178 1758 sunt
1192 1700 1355 1757 acuminatae

244 1802 350 1877 calyces
366 1803 453 1858 rnultb
469 1815 646 1878 superantes,
666 1807 765 1862 racemi
782 1808 863 1862 etiam
879 1806 990 1862 ssorileri
1007 1805 1148 1880 longiores
1160 1804 1288 1870 laxiores
1304 1801 1357 1860 lobi

244 1903 344 1978 calycis
360 1904 619 1962 lineari-lanceolati
634 1907 706 1962 acuti
722 1907 863 1982 capsulam
881 1907 967 1981 magis
983 1915 1090 1962 oratam
1108 1906 1166 1962 basi
1184 1906 1277 1962 nrinlrs
1290 1915 1357 1962 atte-

247 2019 356 2063 nuatam
374 2021 549 2084 superantes,
567 2012 668 2068 corolla
685 2012 860 2086 glaberrima,
878 2010 1085 2085 semina'tluplb
1102 2011 1215 2085 majora.
1237 2009 1269 2065 Ο.
1293 2009 1356 2063 His·

243 2111 346 2184 panico
362 2123 403 2166 est
420 2112 512 2168 minlrs
528 2113 633 2170 viscosa
650 2126 677 2170 et
692 2114 829 2170 lructilera
843 2114 933 2189 planta
951 2111 1037 2168 multo
1054 2113 1150 2186 major.

286 2263 465 2319 Cluturnum
484 2264 590 2320 Brarrci
602 2265 692 2322 Boiss.
709 2277 735 2322 et
752 2266 847 2324 Haldr.
865 2265 952 2343 (Sect.
971 2262 1149 2321 Calamintlra
1163 2261 1245 2338 Bia.)

286 2411 317 2466 C.
338 2413 480 2486 peremne,
504 2413 628 2470 caulibus
650 2415 864 2472 ascendentibus
887 2417 1084 2473 ramosissimis
1111 2415 1249 2489 tanaisque
1272 2412 1357 2470 dense

245 2517 349 2574 loliosis
379 2517 470 2593 patule
498 2530 524 2574 et
552 2519 637 2575 dense
660 2519 859 2586 albo-villosis,
884 2519 955 2576 loliis
985 2519 1171 2576 mediocribus
1195 2515 1357 2574 brevissime

245 2620 384 2694 petiolatis
409 2633 488 2678 ovato
516 2621 558 2677 vel
587 2620 909 2696 triangulari-deltoideis
934 2622 991 2678 basi
1016 2622 1148 2677 truncatis
1172 2617 1357 2675 obtusissimis

245 2726 420 2782 circumcirca
437 2725 613 2783 obtusissime
625 2726 775 2784 crenrrlatis
791 2727 1035 2782 elevato-nervosis
1053 2725 1170 2781 molliter
1185 2732 1212 2778 et
1226 2721 1357 2796 adpresse

246 2829 360 2885 liirsrrtis
383 2829 608 2896 canescentibus,
635 2830 722 2904 cymis
750 2829 917 2904 paucilloris.
947 2827 1103 2904 pedunculo
1125 2824 1267 2882 communi
1287 2823 1358 2881 loliis

245 2931 362 2985 breviori
376 2931 418 2984 vel
434 2930 609 2990 brevissimo,
629 2930 770 3003 pedicellis
786 2930 865 2986 hirtis
879 2930 1034 3004 pedunculo
1054 2930 1240 3003 longioribus,
1259 2928 1358 3004 calycis

247 3028 375 3086 lructileri
389 3027 511 3083 nutantis
528 3026 593 3082 tubo
610 3027 747 3084 turbinato
762 3028 833 3085 labio
846 3030 981 3104 superiori
997 3030 1029 3086 ad
1043 3027 1164 3087 medium
1188 3031 1276 3106 usqne
1296 3030 1322 3085 in
1341 3029 1358 3084 3

245 3135 343 3186 dentes
365 3129 685 3205 triangulari-elongatos
698 3131 820 3188 inleriori
835 3151 850 3188 a
864 3133 922 3190 basi
934 3135 962 3189 in
973 3133 993 3191 Q
1004 3134 1100 3191 dentes
1117 3135 1255 3210 longiores
1271 3152 1285 3191 e
1302 3135 1359 3192 basi

245 3237 332 3294 latiori
349 3235 494 3293 subulalos
510 3235 587 3303 sisso,
609 3238 737 3295 dentibus
756 3238 885 3295 omnibus
909 3240 990 3295 rectis
1008 3239 1100 3315 patulo
1120 3240 1231 3306 ciliatis,
1248 3238 1359 3296 corolloe

245 3359 331 3399 roseae
348 3341 439 3416 patule
464 3339 541 3398 liirtae
568 3341 632 3396 tubo
654 3342 746 3418 calyce
772 3342 856 3416 duplo
881 3342 997 3416 longiori
1019 3362 1031 3398 a
1057 3343 1112 3400 basi
1138 3344 1252 3399 sursirnr
1278 3342 1356 3398 vald'e

244 3444 385 3519 ampliata,
407 3443 539 3501 acbaeniis
557 3444 822 3501 rotundato-oratis

286 3547 313 3603 C.
328 3546 477 3622 officinalis
492 3550 509 3607 ss
524 3545 702 3604 villosissimo
717 3548 780 3603 Bth.
798 3549 825 3603 in
846 3547 905 3603 DC.
927 3549 1023 3606 Prodr.
1042 3569 1074 3606 ex
1092 3559 1177 3626 parte.

284 3651 353 3706 Hab,
372 3652 398 3706 in
422 3652 520 3708 'Baetica
546 3653 615 3707 circa
641 3652 740 3718 Gades,
775 3651 931 3722 Gibrultor,
948 3654 1087 3730 Estcporrc
1111 3654 1217 3729 (Boiss.
1242 3654 1356 3732 Reut),

243 3752 331 3807 Africa
350 3751 451 3807 borcali
468 3753 500 3807 ad
524 3753 660 3826 limpidam
678 3752 830 3828 (Salaman,
853 3754 943 3811 Boiss.
963 3766 988 3812 ot
1010 3756 1121 3832 Iloua),
1153 3754 1314 3813 Lusitania?
1333 3756 1355 3812 si

243 3852 335 3926 planta
355 3853 481 3909 Holliana
494 3873 576 3927 quani
596 3874 650 3911 rron
668 3854 788 3912 vidimus
802 3855 856 3913 linc
871 3870 986 3932 spectat.

282 3955 312 4012 ln
329 3973 411 4031 grege
433 3959 588 4031 specierum
611 3972 729 4034 quatuor
751 3979 765 4015 a
786 3958 821 4017 cl.
844 3961 947 4017 Jordan
970 3963 1072 4035 optimo
1095 3961 1284 4019 distinctarum
1299 3959 1351 4016 soli

245 4061 273 4116 C.
292 4058 426 4137 officinali
443 4060 632 4135 magnitudino
651 4063 751 4120 llorum
768 4063 963 4139 comparauda.
981 4063 1032 4120 Sed
1050 4064 1109 4123 bruc
1131 4064 1217 4122 multo
1234 4063 1354 4140 glabrior

242 4162 322 4219 lrabct
344 4163 436 4220 caules
459 4163 651 4241 simpliciores,
689 4166 751 4223 lolia
775 4167 877 4241 majora
902 4175 979 4222 orata
1004 4167 1082 4223 acuto
1104 4174 1218 4234 serrata,
1247 4168 1354 4246 calyces
