3048 4780
790 372 835 435 50

251 519 349 576 suralis
371 516 474 574 sulcata
498 515 629 570 birittata.
652 512 788 569 albumen
805 511 893 569 amice
913 512 1060 570 sulcatam.
1092 509 1304 586 Carpophorum
1331 511 1365 567 aal

253 622 372 680 modium
391 619 478 694 usque
494 617 601 674 fassum.

288 723 378 781 Herba
395 721 523 780 tuberosa
547 718 690 774 brrnioidea
721 719 788 774 elata
813 739 826 773 e
851 719 1023 793 rupestribus
1041 719 1179 776 urrrbrosis
1197 718 1292 776 Africae
1311 717 1365 775 bo-

251 826 331 885 realis
344 824 469 882 oriunda.

291 975 437 1030 oiiaasna
455 970 621 1028 Fonraunsu
639 970 727 1028 Boiss.
746 980 772 1026 et
791 970 875 1028 llout.

286 1124 318 1182 B.
342 1122 430 1180 radice
445 1122 569 1198 globosa,
582 1120 655 1179 loliis
671 1119 1001 1178 radicalibusbiternatim
1017 1123 1100 1178 sectis
1118 1121 1228 1199 petiolis
1244 1122 1364 1199 petiolu-

246 1227 335 1304 lisque
360 1226 496 1302 elongatis
522 1225 644 1303 superne
668 1224 782 1282 sulcatis
805 1224 926 1283 breviter
951 1224 1181 1301 pubescentibus,
1208 1227 1364 1302 segmentis

244 1331 339 1407 paucis
358 1329 445 1388 oratis
468 1327 573 1385 trilobis
597 1327 775 1403 tripartitisve
799 1327 990 1385 obtusiusculb
1006 1327 1138 1395 dentatis,
1156 1327 1228 1386 loliis
1244 1327 1364 1386 caulinis

245 1431 421 1491 interioribus
434 1429 616 1489 ternatisectis
632 1429 813 1487 divisionibus
828 1429 950 1505 pinnatis
965 1431 1120 1506 segmentis
1139 1429 1268 1506 oblongis
1282 1432 1365 1490 acut‘e

244 1535 374 1603 dentatis
392 1533 498 1592 caeteris
514 1531 616 1608 petiole
632 1531 706 1589 brevi
724 1531 863 1608 vaginanti
878 1530 1001 1590 sullultis
1020 1533 1211 1608 pinnatisectis
1226 1552 1364 1610 segmen-

244 1639 278 1696 tis
297 1636 447 1695 linearibus
467 1636 596 1712 utrinque
616 1634 763 1693 attenuatis
779 1635 867 1693 acutis
887 1635 1076 1712 integerrimis
1093 1635 1135 1693 vel
1154 1635 1298 1696 nonnullis
1311 1638 1364 1695 tri-

244 1739 316 1809 tratis,
334 1737 483 1797 involucris
505 1737 734 1813 involucellisque
750 1736 898 1815 dipbyllis.

284 1841 406 1899 Scandic
419 1838 768 1915 qtaterrtmafflestmtt.
784 1837 838 1895 tab.
852 1837 1070 1896 'ta-bunum
1081 1837 1284 1914 glaberrimum
1295 1838 1358 1901 DC.

243 1945 325 2002 Prod.
340 1979 378 1988 -
389 1943 577 2000 lleterotoeaie
591 1940 761 2016 pleberrima
776 1943 846 2019 Voy.
869 1943 930 2000 ttae,
947 1943 1014 2020 Esp.

283 2045 353 2102 Hab.
369 2045 395 2100 in
409 2043 584 2120 rupestribus
593 2042 732 2101 umbrosis
743 2043 829 2120 prope
843 2043 919 2101 Oran
931 2043 991 2101 loco
1004 2042 1031 2101 le
1041 2043 1152 2102 Faleisc
1166 2046 1237 2105 dicto
1248 2046 1358 2124 (Boiss.

242 2148 388 2218 alitent),
406 2148 431 2203 in
450 2144 561 2202 Atlante
579 2146 649 2204 circ'a
664 2145 1008 2224 Tlemsea(Desl.)Floret
1024 2148 1116 2226 Mayo.

279 2250 374 2306 Planta
391 2249 446 2305 Ἡ
459 2248 575 2323 pedalis.
595 2248 671 2305 Folia
688 2248 815 2306 radicalia
828 2248 933 2306 ambitu
948 2249 996 2307 6-9
1011 2251 1125 2326 pollices
1136 2250 1192 2308 lata
1204 2254 1359 2329 segmentis

242 2352 290 2408 6-9
309 2352 395 2408 lineas
410 2349 500 2424 longis
516 2350 642 2426 latisque.
663 2350 826 2426 Mericarpia
841 2368 904 2408 cum
922 2351 1079 2428 stylopodio
1093 2352 1162 2411 ultra
1184 2353 1252 2428 Ἡ,
1270 2353 1359 2414 liucas

242 2458 335 2532 langa.

279 2559 339 2616 Hoc
355 2575 441 2634 genus
466 2555 622 2632 Conopodio
638 2556 720 2613 aliine
742 2557 775 2612 ab
792 2574 823 2613 eo
850 2574 905 2614 non
929 2558 1034 2614 tantiam
1058 2567 1087 2614 ut
1117 2557 1218 2615 Carum
1232 2577 1247 2616 a
1263 2559 1358 2616 Burrio

240 2661 331 2721 alillert
352 2660 440 2719 idest
463 2657 603 2716 valleculis
623 2657 774 2716 univittatis
796 2657 947 2716 sedetiam
973 2657 1080 2728 habitu,
1109 2678 1172 2718 nam
1198 2671 1241 2720 ost
1260 2661 1356 2738 planta

241 2767 329 2824 multb
348 2764 455 2827 elatior,
477 2762 548 2820 loliis
567 2761 762 2840 smyrnioitleis
778 2761 889 2820 donata.
909 2761 1019 2820 Nomen
1037 2763 1199 2839 specificam
1214 2784 1229 2823 a
1245 2764 1355 2822 Fonta-

241 2870 318 2926 nesio
333 2867 506 2943 propositum
525 2865 608 2923 nimis
623 2865 818 2941 improprium,
836 2883 899 2920 nam
922 2863 1015 2939 petioli
1028 2883 1141 2942 semper
1157 2865 1258 2924 hirsuti
1272 2878 1351 2924 sunt.

239 2967 399 3026 Dicavimus
414 2967 449 3022 cl.
469 2967 585 3022 Balansa
601 2966 648 3038 qui
665 2983 739 3020 nunc
756 2965 874 3020 Africam
893 2966 1030 3022 borealem
1048 2967 1137 3024 Florae
1158 2968 1250 3026 studio
1274 2969 1351 3027 dodi·

240 3085 285 3129 tus
298 3077 435 3145 peragrat.

280 3171 349 3230 Obs.
375 3168 492 3244 Caobrps
505 3167 701 3244 pteroclaloeae
716 3168 774 3229 DC.
796 3188 852 3227 var.
872 3168 1011 3246 leiocarpo
1026 3172 1133 3230 Cosson
1155 3174 1182 3231 iu
1207 3176 1356 3253 bourgeau

240 3274 276 3349 pl.
302 3273 368 3349 Esp.
386 3269 462 3330 tato
478 3287 535 3326 ers
556 3270 590 3326 ad
607 3268 871 3346 Hippomarotlrum
884 3270 1108 3348 pteroabloeaum
1126 3276 1216 3336 Boiss.
1230 3277 1265 3336 ob
1281 3278 1355 3336 lruc-

241 3379 283 3434 tus
299 3373 412 3433 dimidio
430 3373 551 3430 minores
575 3390 625 3430 nec
647 3373 807 3448 granulatos
828 3375 901 3431 certb
924 3393 978 3432 non
999 3388 1105 3452 spectat
1127 3380 1177 3437 sod
1199 3391 1241 3439 cst
1265 3383 1357 3442 lorma

239 3481 274 3535 H.
293 3478 411 3535 Berconi
425 3476 522 3534 eadem
538 3494 620 3551 quam
639 3475 821 3533 Salamanuus
839 3495 853 3533 o
870 3477 894 3534 T
896 3477 988 3553 ingide
1004 3481 1056 3536 sub
1073 3479 1169 3539 Caelia.
1188 3482 1355 3542 libanotidis

240 3581 351 3640 nomine
378 3579 472 3638 retulit
493 3577 596 3655 phyllis
613 3577 740 3635 umbella
758 3579 888 3636 centralis
903 3579 1050 3656 aliquamlb
1066 3585 1186 3660 pinnatis
1204 3586 1349 3665 insignita.

280 3735 387 3791 Gaurum
402 3730 489 3786 Bovnr
504 3729 595 3786 Boiss.
612 3739 639 3786 et
655 3729 738 3788 Reut.
759 3729 846 3808 (Sect.
864 3733 1104 3813 Xeatbaparine.)

278 3886 311 3943 G.
328 3901 453 3940 aunuum
464 3899 567 3938 nanum
583 3880 702 3958 simplex
714 3882 756 3939 vel
771 3883 934 3958 pluricaulc‚
948 3889 1074 3947 caulibus
1086 3892 1186 3950 erectis
1199 3894 1353 3970 tetragonis

236 3987 365 4049 brevibus
379 3983 501 4061 superub
518 3982 673 4042 dichotorn‘e
685 3987 801 4042 ramosis
815 3986 898 4044 ramis
909 3987 1084 4058 abbreviatis,
1098 3990 1168 4050 loliis
1180 3993 1256 4051 senis
1270 3993 1351 4071 ellip-

237 4099 294 4155 ticis
310 4090 417 4151 obtusis
432 4088 490 4146 basi
503 4086 623 4144 breviter
634 4087 782 4145 attenuatis
796 4090 919 4164 margine
932 4092 1092 4152 aculeolatis
1104 4094 1238 4155 revolutis
1254 4115 1359 4174 supre.

236 4199 288 4256 mis
299 4195 460 4262 linearibus
478 4192 591 4250 lloribus
603 4191 694 4266 parvis
709 4192 735 4249 in
750 4191 893 4249 fasciculos
910 4194 1023 4253 sessilos
1038 4195 1090 4252 5-7
1108 4196 1191 4256 lloros
1203 4198 1237 4257 ad
1253 4199 1350 4256 dicho·
