3048 4780
763 326 808 391 db

230 471 392 528 railicalibns
410 471 643 546 inferioribusque
665 470 801 546 petiolalis
820 469 929 544 peltatis
942 468 1123 526 subrotnndis
1140 466 1193 524 late
1208 467 1342 542 repando-

229 573 337 641 lebatis,
354 574 470 631 caulinis
488 574 679 651 superioribus
695 573 782 630 multb
805 572 958 630 minoribus
975 573 1099 630 euocatis
1120 571 1177 628 basi
1196 569 1345 628 attenuatis

229 676 408 734 obtusissimb
425 676 472 733 3-7
486 677 616 740 dentatis,
635 676 711 752 spicat
731 675 866 733 terminali
881 675 1001 752 simplici
1017 675 1113 742 deusd,
1137 674 1252 732 ssoribus
1268 673 1346 731 bori-

228 779 381 837 zontalibus
397 780 531 857 pedicello
546 779 668 856 calycern
681 780 801 856 aequanti
817 779 924 837 bractea
935 779 1061 836 subulatd
1075 777 1194 836 breviori
1210 777 1344 844 suffultis

229 881 321 958 calyce
337 883 393 939 lere
415 882 448 939 ad
467 882 544 940 basin
567 882 703 959 5-partito
723 882 826 940 corolla
851 882 906 939 lere
929 881 1076 958 quintuplb
1097 881 1227 949 breviori,
1247 880 1346 956 petalis

231 986 256 1040 in
272 985 405 1043 corollam
429 985 585 1044 tubulosam
609 997 713 1043 tantum
732 987 827 1062 quinta
843 995 920 1062 parte
941 987 1081 1062 superiori
1102 985 1221 1043 lobatam
1240 984 1347 1042 coalitis

231 1087 300 1145 lobis
323 1087 587 1164 triangulari-eratis
605 1089 781 1158 acuminatis,
795 1089 884 1147 lructu
899 1089 980 1164 long‘e
995 1089 1157 1166 cylindrieo,
1173 1087 1301 1164 carpellis
1318 1087 1346 1142 in

230 1191 332 1266 stylum
347 1199 452 1249 rectum
472 1191 583 1249 brevem
600 1192 759 1249 attenuatis.

270 1293 340 1350 Hab.
363 1294 389 1349 in
412 1294 493 1351 salsis
517 1295 661 1352 maritimis
680 1295 767 1372 prop‘e
795 1295 895 1362 Gades,
919 1293 948 1351 ol
972 1295 1133 1363 Trocodero‚
1155 1293 1210 1351 islo
1226 1294 1258 1351 de
1275 1293 1349 1350 Leon

229 1395 324 1473 (berb.
352 1396 488 1472 Fauolre),
512 1397 598 1474 propo
625 1397 762 1472 liupidem
784 1397 890 1474 (Boiss.
917 1405 945 1455 et
966 1397 1097 1475 llenter),
1116 1408 1143 1456 et
1161 1398 1242 1456 otiam
1260 1397 1349 1474 prope

231 1497 380 1574 Alperiom,
394 1499 416 1555 si
428 1499 576 1557 schaedulae
588 1499 713 1575 ejusdem
729 1500 847 1558 herbarii
863 1499 1006 1579 (Fauelre)
1020 1500 1089 1558 fides
1105 1500 1231 1558 habenda
1248 1510 1300 1558 est.

271 1602 366 1658 Planta
391 1602 494 1660 llorens
525 1603 702 1680 semipedalis
731 1605 808 1680 spicit
833 1603 996 1680 bipollicari,
1025 1604 1163 1661 lruetilera
1187 1603 1292 1680 pedalis
1322 1615 1350 1661 et

231 1704 301 1761 ultrb
318 1706 393 1780 spica
414 1705 588 1783 semipedali.
615 1707 726 1784 Species
747 1709 822 1784 juxta
853 1709 884 1766 tt.
906 1707 1107 1764 berizontolem
1123 1709 1206 1767 Guss
1232 1706 1274 1764 eni
1297 1707 1351 1762 ba-

232 1807 290 1864 bitu
320 1817 347 1864 et
368 1807 574 1866 characteribus
599 1809 703 1867 accedit
724 1809 883 1868 collocanda
908 1811 941 1868 ab
967 1829 1000 1868 ee
1026 1811 1099 1868 eert'e
1120 1811 1246 1869 distincta
1272 1808 1351 1885 spicil

231 1910 364 1978 densiori,
382 1911 492 1970 corolla
510 1912 580 1970 lobis
604 1913 945 1988 triangulari-acuminatis
970 1932 1022 1972 nec
1046 1915 1134 1972 oratis
1155 1913 1348 1980 acutiusculis,

233 2016 322 2072 tractu
339 2015 420 2092 longe
438 2015 589 2094 cylindrico
608 2034 658 2074 nec
676 2017 798 2076 breviter
816 2027 908 2085 ovato,
927 2016 1054 2094 carpellis
1071 2017 1097 2073 in
1117 2017 1220 2094 stylum
1237 2017 1350 2074 brevem

232 2119 380 2176 attenuatis
404 2138 455 2177 nee
472 2119 601 2196 stigmate
616 2120 707 2178 sessili
726 2121 875 2198 superatis.

272 2271 429 2328 Siixrnnaoa
444 2273 638 2330 Gnanarnnsrs
652 2273 742 2331 Boiss.
762 2284 788 2331 et
803 2273 909 2332 lleuter
930 2274 1017 2352 (Soet.
1039 2272 1236 2350 Doctploides).

273 2421 302 2478 S.
320 2421 463 2497 caespitosa
482 2421 545 2498 pilis
568 2421 857 2501 lanoso-pupillaribus
873 2426 979 2501 sparsis
1000 2424 1063 2501 plus
1080 2425 1172 2481 minlrs
1188 2423 1287 2492 obsita,
1309 2423 1350 2480 lo·

233 2528 277 2586 liis
290 2528 352 2586 aliis
366 2527 470 2586 infimis
482 2528 776 2606 spathulatoeuueatis
792 2531 908 2606 integris
920 2531 994 2608 saepe
1008 2529 1213 2598 deficientibus,
1225 2528 1286 2586 aliis
1303 2529 1350 2584 tri-

233 2630 302 2689 lobis
322 2630 382 2688 aliis
399 2631 521 2707 palmato
539 2630 587 2688 3-5
604 2630 667 2688 srdis
690 2631 882 2708 partitionibus
903 2631 1019 2708 integris
1035 2630 1079 2688 vel
1104 2629 1257 2687 tridentatis
1279 2627 1348 2686 den-

234 2734 306 2792 tibus
323 2734 503 2793 acutiuseulis
520 2735 651 2793 omuibus
675 2737 801 2794 nervosis
824 2736 925 2813 petiole
941 2735 1106 2793 subdilatato
1125 2731 1296 2810 planiuseulo
1308 2733 1351 2790 eis

233 2837 352 2914 longiori
373 2837 506 2906 snllnltiS,
531 2838 651 2896 surculis
678 2839 818 2897 sterilibus
842 2840 920 2914 apice
942 2855 1067 2914 gennuae
1093 2835 1231 2894 solitarias
1253 2842 1349 2892 oratos

233 2939 346 2996 obtusas
362 2939 434 2996 loliis
454 2938 600 2998 sessilibns
616 2942 731 3016 integris
754 2940 884 3016 elliptieis
899 2941 1084 2997 involucratas
1102 2939 1263 3006 terentibus
1283 2955 1348 2994 cau-

234 3043 305 3100 libus
315 3041 443 3099 llorileris
460 3041 652 3099 terminalibus
669 3042 781 3118 caespite
797 3042 907 3118 u-t-ptt
924 3041 1097 3118 longioribus
1110 3042 1212 3117 glabris
1231 3040 1274 3098 vel
1288 3038 1351 3095 bir-

235 3146 299 3203 tulis
318 3145 389 3202 loliis
404 3145 498 3220 paucis
514 3146 606 3222 parvis
617 3145 905 3222 elliptieo·linearibus
922 3144 1018 3202 obsitis
1038 3144 1115 3220 apice
1131 3143 1350 3220 subcoryrnbos'e

234 3247 282 3306 3-7
309 3247 396 3315 lloris,
418 3247 558 3324 pedicellis
578 3249 708 3306 tenuibus
725 3249 872 3306 lrnetileris
896 3247 1057 3304 nutantibus
1080 3246 1135 3304 basi
1157 3247 1274 3303 bracteis
1300 3245 1348 3303 ob·

234 3351 478 3428 longolinearibus
496 3352 592 3410 obsitis
608 3353 676 3410 ssore
700 3352 882 3428 longioribus
899 3350 1000 3426 calycis
1016 3349 1110 3406 viridis
1130 3349 1249 3406 breviter
1267 3347 1349 3424 glan-

234 3455 479 3530 rluloso-puberoli
500 3455 606 3513 laciniis
625 3455 752 3530 oblongis
769 3453 956 3511 obtusissimis
977 3453 1042 3509 tubo
1060 3452 1273 3528 hemispbaerico
1286 3461 1352 3527 post

233 3557 361 3614 antlresin
376 3557 546 3634 subgloboso
562 3558 644 3633 paulb
660 3557 844 3631 longioribus,
870 3555 968 3630 petalis
994 3556 1087 3614 lacteis
1109 3555 1235 3614 eboratis
1257 3553 1351 3632 calyce

234 3661 514 3737 sesquilongioribns

277 3763 306 3819 S.
330 3760 495 3838 plebialiferc
510 3762 599 3819 Boiss.
617 3763 687 3838 Voy.
703 3763 769 3838 Esp.
786 3764 889 3822 exclns.
907 3785 964 3823 var.
980 3769 997 3826 Β
1015 3783 1069 3822 uon
1083 3765 1160 3822 Dusl.
1181 3764 1234 3820 rltl.

275 3864 345 3920 llab.
365 3865 392 3919 in
415 3865 555 3922 inentibus
577 3865 708 3923 caloareis
727 3868 836 3927 Baeticae
851 3871 883 3926 ad
902 3889 984 3946 rupes
1001 3880 1026 3927 ot
1047 3869 1118 3926 inter
1134 3868 1238 3944 lapidos
1260 3867 1350 3922 omnis

238 3968 339 4027 tractlrs
365 3966 499 4024 Serronic
514 3969 545 4025 de
561 3970 667 4037 Rauda,
685 3982 792 4030 montes
805 3974 874 4030 circii
895 3976 1004 4050 lt'stepo,
1021 3974 1117 4030 Sierro
1132 3973 1163 4029 de
1181 3973 1350 4046 Atatepuero,

240 4075 333 4130 Sicera
349 4073 380 4130 de
397 4073 492 4150 dlijus

278 4179 424 4253 Postquam
443 4179 471 4237 S.
490 4179 683 4259 plolntltsorom
709 4203 800 4241 reram
826 4184 1056 4240 Fontancsianam
1084 4182 1109 4236 iu
1131 4181 1245 4255 rnprlnrs
1266 4181 1351 4255 propi:
