3048 4780
763 356 809 422 ot

220 505 305 564 multb
318 501 480 580 profunditis
497 499 668 579 pinnatisula,
693 497 788 574 spinas
805 496 933 554 loliorum
953 511 978 554 ct
1001 496 1086 554 caulis
1104 496 1192 554 multb
1216 495 1335 552 validio-

222 627 277 676 res,
290 604 481 682 involucriqun
500 601 593 679 phylla
610 599 724 658 omninb
739 599 857 658 diversa.

260 755 393 814 Caauuus
409 753 519 812 Durum
531 751 623 810 Boiss.
639 750 760 809 ctlleut.

261 908 294 970 C.
312 926 436 976 annuus,
460 905 540 964 caule
565 915 657 964 erecto
683 922 794 962 ramoso
815 905 1119 967 araneoso-canescenti
1138 904 1291 981 interrupte
1305 915 1333 964 ct

221 1010 418 1088 angustissime
442 1009 513 1066 alato
536 1008 642 1066 alarum
670 1008 740 1067 lobis
757 1008 790 1065 ad
805 1007 902 1084 spinas
918 1025 933 1066 e
951 1007 1008 1065 basi
1029 1006 1181 1065 lanceolata
1199 1007 1334 1084 spinoso-

222 1117 389 1173 lutescentes
405 1112 595 1189 longiusculos
615 1111 726 1170 crebras
743 1111 877 1180 reductis,
895 1110 966 1168 loliis
989 1110 1089 1169 subtus
1111 1110 1243 1188 adpressd
1267 1129 1334 1168 ara-

222 1220 395 1279 neoso-canis
420 1219 504 1294 suprb
530 1216 633 1294 glabris
647 1215 943 1293 sinuato-pinnatisrdis
964 1215 1035 1273 lobis
1055 1215 1175 1274 dentatis
1195 1215 1223 1272 in
1238 1215 1334 1292 spinas

222 1337 320 1382 tenues
335 1322 450 1381 ssavidas
469 1320 644 1396 subaequales
665 1319 833 1378 abeuntibus
859 1319 1037 1378 interioribus
1052 1318 1158 1377 sensim
1174 1317 1332 1386 diminutis,

222 1430 349 1487 loliorum
364 1427 541 1503 superiorum
558 1425 627 1483 lobis
641 1423 797 1500 angustatis
812 1423 923 1500 longius
934 1434 962 1480 et
979 1422 1096 1480 validiirs
1111 1422 1243 1500 spinosis,
1261 1423 1333 1500 capi·

224 1530 288 1589 tulis
303 1529 349 1587 3-‘1
367 1528 402 1586 ad
420 1528 527 1604 apicem
549 1545 691 1585 ramorum
709 1526 855 1586 sessilibus
878 1527 1046 1604 aggregatis,
1070 1525 1207 1584 involucri
1230 1526 1333 1605 phyllis

221 1633 363 1693 araneosis
387 1631 531 1710 adpressis
556 1630 706 1690 linearibus
727 1630 849 1708 spinosis
872 1651 958 1689 nervo
973 1631 1064 1689 medio
1079 1631 1171 1689 valido
1194 1631 1333 1708 percursis

223 1737 401 1797 interioribus
417 1736 495 1814 apice
511 1735 639 1794 scariosis
654 1735 734 1800 albis,
751 1734 875 1794 flosculis
890 1735 971 1802 albis,
987 1733 1119 1794 achaeniis
1130 1733 1334 1792 lutescentibus

222 1852 323 1918 praeter
338 1840 419 1897 strias
436 1838 649 1915 longitudinales
667 1837 786 1898 tenuiter
801 1837 853 1895 sub
869 1837 942 1896 lente
958 1837 1116 1899 transverse
1138 1836 1248 1896 undatis
1266 1855 1335 1896 um-

223 1943 294 1999 bone
310 1951 384 1998 recto
396 1940 516 1997 breviter
530 1939 680 2016 cylindrico
693 1939 857 1998 terminatis

260 2045 330 2102 Hah.
348 2045 375 2101 in
391 2044 464 2102 arvis
479 2043 611 2120 neglectis
626 2043 799 2102 Mauritaniae
815 2043 886 2100 circh
902 2044 958 2100 Ain
973 2043 1139 2101 Temouchen
1155 2044 1182 2102 in
1203 2045 1245 2102 vid
1262 2045 1335 2104 inter

224 2149 301 2207 Orno
312 2158 339 2206 ot
357 2146 489 2206 Tlemsen.
502 2146 579 2224 April
591 2144 680 2216 tute,
698 2145 785 2223 leger.
802 2145 894 2206 Bniss.
913 2156 940 2205 et
954 2147 1070 2206 Renter.

261 2251 294 2308 ln
308 2251 404 2309 multis
418 2251 619 2328 congruitcum
635 2252 714 2309 icone
732 2249 761 2309 C.
783 2249 938 2328 Spncbiani
954 2250 1060 2308 Duriou
1076 2251 1116 2328 pl.
1134 2251 1230 2328 Alget.
1246 2270 1331 2330 quem

223 2372 277 2411 non
293 2353 424 2410 novimus
446 2362 473 2410 et
493 2370 543 2429 pro
557 2371 613 2429 quo
636 2371 699 2411 eum
722 2353 770 2412 dib
793 2354 954 2422 habuimus,
970 2353 1021 2412 sed
1035 2354 1222 2413 amicissimus
1237 2365 1334 2414 auctor

221 2477 254 2516 ex
267 2456 421 2534 specimine
432 2457 633 2516 communicato
650 2466 772 2516 nostram
789 2456 938 2535 plantama
953 2459 1005 2515 sud
1021 2457 1160 2516 diversam
1178 2476 1241 2516 esse
1258 2476 1333 2535 prae-

220 2563 303 2621 dicat.
327 2560 463 2638 Equidem
487 2559 516 2617 C.
536 2559 648 2618 Duriaei
666 2560 730 2618 lolia
747 2561 836 2636 magis
853 2559 955 2628 lobata,
978 2560 1072 2619 caules
1094 2573 1122 2619 et
1139 2561 1207 2620 rami
1221 2561 1333 2638 longiis

219 2677 247 2725 et
258 2665 376 2724 validibs
386 2665 504 2743 spinosi,
519 2665 637 2742 capitula
648 2665 682 2723 ad
696 2665 803 2743 apicem
818 2684 959 2724 ramorum
971 2667 1176 2737 numerosiora,
1192 2667 1333 2726 involucri

220 2789 344 2848 squamae
354 2788 495 2830 araneosae
509 2771 631 2848 spinosae
643 2787 694 2829 nco
706 2771 813 2828 tanlhm
828 2780 927 2839 acutae,
951 2771 1107 2830 achaenium
1123 2770 1243 2848 denique
1257 2789 1333 2849 prae-

221 2884 262 2931 ter
277 2874 360 2932 strias
376 2873 499 2932 obsolete
514 2873 649 2931 undalum
666 2873 788 2932 umbone
803 2892 859 2932 non
876 2884 904 2931 ut
921 2873 947 2930 iu
967 2874 1046 2932 icone
1064 2874 1211 2934 exhibetur
1227 2874 1332 2934 clavae-

220 2977 299 3037 sormi
315 2977 365 3036 sed
379 2976 527 3054 cylindrico
543 2977 701 3053 preditum.

258 3129 476 3186 Cannuucumus
492 3141 594 3184 caevus
608 3125 699 3186 Boiss.
717 3137 745 3187 et
758 3129 874 3188 Reuter.

259 3279 291 3338 C.
310 3276 488 3344 multicauliS,
512 3276 638 3336 caulibus
653 3279 752 3338 erectis
773 3281 816 3340 vel
833 3281 1048 3343 ascendentibus
1066 3285 1203 3362 elongatis
1225 3288 1332 3348 loliosis

220 3384 300 3462 parce
323 3392 351 3441 et
376 3381 486 3440 sordide
507 3381 605 3440 lanatis
632 3383 754 3460 superne
781 3386 898 3444 ramosis
925 3387 1089 3464 corymbosd
1114 3388 1164 3446 3-5
1193 3391 1329 3468 cephalis,

219 3487 291 3547 loliis
305 3485 369 3564 pilis
386 3483 484 3563 crispis
500 3485 582 3561 parce
602 3494 629 3542 et
649 3485 770 3545 breviter
785 3485 866 3546 hirtis
883 3486 987 3548 infimis
1007 3488 1089 3565 long'e
1111 3490 1251 3567 petiolatis
1266 3495 1332 3572 pin·

221 3590 394 3667 nati-partitis
409 3587 562 3665 segmentis
577 3587 870 3663 oblongo-lanceolatis
884 3591 1001 3667 integris
1022 3594 1065 3652 vel
1082 3594 1202 3654 dentalis
1218 3597 1330 3657 muticis

219 3693 277 3753 basi
298 3692 381 3750 secius
395 3700 500 3750 costam
520 3691 640 3750 mediam
656 3692 757 3750 alatam
771 3691 983 3754 decurrentibus
997 3697 1170 3757 intermediis
1183 3699 1243 3758 basi
1257 3711 1331 3761 atte-

220 3795 311 3854 nuatis
321 3792 466 3853 sessilibus
477 3793 604 3852 nervosis
618 3793 744 3871 rigidulis
762 3795 859 3856 lobatis
871 3797 941 3858 lobis
956 3799 1171 3878 triangularibus
1188 3803 1217 3860 in
1232 3805 1328 3882 spinas

219 3910 318 3957 tenues
342 3897 456 3956 ssavidas
476 3897 642 3956 abeuntibus
669 3901 810 3976 supremis
833 3903 1091 3978 spinoso-dentatis,
1110 3906 1245 3966 involucri
1268 3907 1327 3964 hosi

216 4001 305 4062 lanosi
321 3999 424 4079 phyllis
438 3999 619 4058 exterioribus
632 4000 752 4061 loliaceis
767 4021 782 4062 e
797 4003 855 4062 basi
870 4005 989 4082 oblongd
1011 4010 1176 4070 acuminatis
1200 4011 1328 4088 margine

219 4121 246 4164 et
257 4106 334 4184 apice
341 4102 462 4182 spinosis
477 4105 767 4182 recurvo-patentibus
779 4107 899 4185 capitulo
914 4109 1133 4188 subaequilongis
1149 4114 1328 4176 interioribus

220 4207 398 4267 albicantibus
412 4207 570 4267 lanceolalis
593 4209 777 4268 rrurltinorviis
794 4213 913 4286 superne
926 4213 1054 4270 scariosis
1070 4215 1190 4275 breviter
1202 4218 1327 4278 limbria-
