3120 4772
774 331 819 396 86

243 489 419 550 synonynion
443 471 548 528 Gouani
574 469 719 527 dubiurua
745 471 781 526 cl.
809 470 909 528 Bentlr.
934 472 1026 546 potius
1049 470 1081 527 ad
1101 471 1132 527 L.
1159 473 1267 531 oesiam
1282 472 1352 530 rela-

243 583 301 632 tum
317 575 424 631 luisset.

280 701 400 760 Lmarui
417 701 567 758 duriciam
582 699 671 758 Boiss.
690 708 717 756 et
733 701 817 758 Reut.
832 699 875 778 (S.
892 701 1099 759 Liuariostrum
1112 702 1188 760 subs.
1206 702 1353 779 Supinas).

282 827 317 886 L.
334 827 465 903 perennis
483 825 650 884 multicaulis
673 835 727 884 tota
746 826 870 902 partibus
891 826 1032 886 ssoralibus
1049 829 1169 904 exceptis
1186 828 1355 904 glaberrima

243 928 436 1005 glauceseens,
465 927 589 986 caulibus
613 927 825 986 ascendentibus
854 929 955 986 teneris
988 929 1045 987 basi
1069 930 1224 1004 fragillimis
1252 928 1356 988 foliosis

243 1030 414 1107 simplicibus
436 1029 479 1088 vel
499 1031 580 1106 parce
604 1030 733 1099 ramosis,
763 1030 834 1088 loliis
855 1031 984 1089 omnibus
1000 1031 1052 1088 3-5
1068 1031 1292 1088 subverticillatis
1311 1031 1358 1088 ob·-

243 1132 333 1210 longis
349 1132 544 1190 lanceolatisve
561 1132 691 1209 utrinque
708 1133 857 1190 attenuatis
874 1133 1013 1202 tenuibus
1031 1135 1148 1192 racemis
1165 1133 1357 1190 terminalibus

244 1236 326 1293 etiam
342 1245 405 1314 post
419 1235 547 1294 anthesin
564 1236 730 1295 abbreviatis
753 1237 841 1296 ovatis
864 1239 943 1314 parce
966 1239 1128 1298 indumento
1144 1239 1266 1314 crispulo
1279 1237 1357 1296 obsi-

245 1340 290 1408 tis,
308 1339 425 1398 bracteis
450 1339 722 1398 lineari-lanceolatis
739 1340 796 1398 basi
814 1342 974 1410 attenuatis,
992 1341 1128 1418 pedicollo
1151 1341 1223 1399 hirto
1244 1341 1357 1418 capsuld

244 1442 408 1518 bractedque
430 1441 567 1510 breviore,
584 1442 685 1520 calycis
699 1443 853 1516 segmentis
869 1443 1163 1519 oblongo-lanceolatis
1179 1443 1357 1501 acutiusculis

161 1563 164 1572 ·
244 1549 326 1624 parce
350 1545 599 1624 crispo-puberulis
621 1546 734 1623 capsula
765 1546 949 1615 brevioribus,
981 1547 1084 1604 corolld
1107 1548 1197 1606 albida
1222 1548 1358 1606 caeruleo-

245 1650 340 1708 striatd
361 1647 431 1707 lobis
451 1647 514 1706 labii
541 1649 693 1724 superioris
715 1648 853 1725 elongatis
870 1650 955 1708 laucis
975 1650 1063 1726 gibbis
1092 1651 1199 1708 intense
1220 1649 1358 1718 ceruleis,

245 1752 351 1812 calcare
372 1751 541 1810 subincurvo
567 1755 643 1828 apice
662 1751 736 1808 tenui
756 1751 860 1809 cor-olle
882 1751 1013 1820 breviori,
1037 1753 1191 1810 seminibus
1215 1770 1359 1810 convexo-

244 1855 445 1913 disciformibus
461 1853 637 1913 tuberculatis
654 1854 1052 1932 membranaceo-marginatis.

282 1957 354 2015 Hah.
370 1958 397 2013 in
412 1957 586 2034 rupestribus
600 1958 703 2016 montis
722 1955 822 2015 Torool
839 1959 871 2015 da
889 1960 1045 2038 Antequam
1067 1959 1233 2039 (Prolongo,
1256 1958 1360 2034 Reut.)

284 2063 350 2123 Var.
366 2065 384 2124 ss
403 2060 599 2140 angustisoliu.
621 2062 698 2120 Folia
723 2062 884 2140 angustiora
907 2063 1021 2122 linearia
1043 2073 1175 2122 caeterum
1197 2062 1359 2121 verticillata

248 2175 276 2224 et
288 2165 372 2224 liores
384 2165 497 2224 omnine
512 2165 626 2242 speciei.

285 2268 356 2325 Hah.
367 2269 395 2324 in
410 2268 583 2344 rupestribus
598 2269 685 2345 prope
700 2267 805 2346 Estepo
820 2276 847 2326 et
861 2267 949 2326 Alere
968 2267 1152 2346 (Haenseler).

284 2370 350 2430 llaec
370 2370 478 2447 species
501 2369 532 2427 L.
556 2370 629 2428 tristi
650 2381 677 2428 et
701 2369 888 2430 inclementiae
908 2371 999 2430 alfinis
1021 2373 1054 2430 ab
1077 2373 1117 2431 eis
1137 2373 1247 2450 egregie
1268 2371 1359 2430 differt

245 2473 369 2532 caulibus
385 2473 512 2549 foliisque
531 2473 715 2531 tenerioribus
737 2474 780 2531 bis
796 2494 852 2532 non
873 2476 978 2552 sparsis
995 2475 1045 2532 sed
1066 2475 1201 2552 usquead
1218 2493 1357 2532 racemum

246 2577 414 2638 verticillatis
428 2578 456 2634 in
472 2577 560 2633 lornrd
574 2577 690 2633 normali
705 2575 756 2634 6-7
773 2577 859 2634 lineas
872 2577 962 2654 longis
980 2577 1038 2636 Ἡ
1048 2579 1080 2656 ¹l,
1097 2578 1171 2642 latis,
1185 2578 1212 2634 in
1230 2577 1359 2636 varietate

246 2682 346 2740 lineam
362 2681 435 2750 latis
447 2697 557 2738 racemo
574 2678 712 2736 lructilero
728 2679 816 2738 multe
831 2679 962 2751 breviori,
982 2681 1146 2739 indumento
1162 2682 1263 2739 florum
1275 2699 1359 2756 parvo

245 2787 290 2843 vix
304 2783 480 2861 glanduloso,
496 2783 608 2840 corollis
625 2783 726 2841 coloris
743 2782 937 2851 diversissimi,
960 2783 1031 2842 lobis
1048 2784 1110 2840 labii
1126 2785 1278 2860 superioris
1294 2783 1360 2840 lon-

244 2888 366 2964 gioribus
379 2887 449 2945 inter
468 2905 498 2944 se
514 2887 603 2961 magis
620 2886 735 2953 dissitis,
751 2884 854 2962 sepalis
869 2885 983 2960 capsuld
997 2885 1226 2943 brevioribus.—
1237 2887 1269 2944 L.
1286 2905 1357 2942 mar·

244 2991 342 3068 ainata
364 2987 443 3044 Desl.
470 2987 496 3042 in
513 2987 584 3062 Voy.
606 2987 668 3043 Bot.
688 2987 769 3059 Hisp.
793 3004 856 3042 cuni
872 2985 903 3042 L.
923 2986 997 3042 tristi
1011 2987 1150 3044 immerite
1164 2996 1311 3064 conjuncta
1333 2999 1360 3046 et

245 3112 328 3171 quam
344 3093 372 3148 in
390 3087 565 3166 rupestribus
581 3086 720 3144 umbrosis
735 3087 822 3164 prope
844 3086 921 3145 Orco
936 3097 963 3146 et
983 3087 1104 3146 lle-msera
1118 3090 1228 3150 abunde
1244 3093 1361 3168 legimus

245 3196 278 3254 ab
292 3191 422 3251 omnibus
437 3190 584 3268 speciebus
601 3191 646 3248 hic
664 3193 834 3249 enumeratis
852 3192 963 3268 egregie
978 3192 1081 3249 differt.
1095 3193 1160 3268 Ejus
1176 3194 1288 3252 corollae
1303 3213 1359 3251 ma—

245 3301 319 3377 jores
330 3304 396 3355 sunt
409 3295 507 3354 albidae
523 3296 737 3372 griseo-striatae
753 3294 858 3353 calcare
874 3296 1037 3372 longissimo
1049 3297 1125 3354 tenni
1141 3296 1259 3365 donatae,
1277 3297 1358 3356 serni-

247 3421 314 3460 num
329 3401 422 3460 discus
437 3417 549 3476 semper
565 3400 652 3458 laevis.

286 3527 407 3586 Lmrmi
422 3545 621 3588 onconcrsonu
638 3527 728 3585 Boiss.
746 3538 773 3583 et
787 3527 870 3584 Reut.
884 3525 972 3604 (Sect.
992 3527 1284 3586 Linoriastrumsnbs.
1304 3527 1360 3584 Su·

248 3633 348 3710 pinne).

288 3761 323 3821 L.
355 3777 445 3817 annua
477 3758 644 3816 multicaulis
669 3757 860 3832 gleucescenS‚
886 3758 1011 3816 caulibus
1040 3757 1288 3834 procumbentibus
1319 3756 1362 3814 vel

251 3862 464 3921 ascendentibus
481 3860 647 3918 abbreviatis
662 3860 770 3917 interne
785 3860 887 3936 glabris
903 3862 1024 3938 superne
1040 3861 1132 3937 patule
1148 3861 1267 3918 breviter
1281 3865 1307 3916 et
1322 3866 1359 3914 te-

251 3965 385 4026 nuissime
406 3962 678 4041 glanduloso-hirtis,
703 3962 774 4021 loliis
794 3964 1018 4022 subverticillatis
1033 3964 1140 4022 :td-nis
1155 3962 1280 4038 oblongis
1293 3979 1363 4017 acu-

251 4071 376 4132 tiusculis
392 4070 503 4148 glabris,
523 4069 637 4128 racemis
656 4067 949 4146 glandulos0·birtulis
969 4068 1097 4126 llorileris
1118 4065 1243 4144 capitatis
1266 4065 1365 4123 lrueti·

255 4177 320 4234 toris
338 4177 473 4253 elongatis
498 4173 576 4244 laria,
599 4173 716 4232 bracteis
739 4174 856 4250 anguste
876 4172 1035 4239 linearibus,
1060 4170 1202 4247 pedicellis
1219 4170 1365 4230 fructiferis
