3120 4772
779 341 843 404 108

294 489 325 543 R.
345 495 467 543 scutatus
485 505 542 542 var.
559 485 674 560 plaucos
690 483 779 540 Boiss.
799 483 869 558 l'oy.
888 481 948 538 aa.
967 483 1031 557 Esp.

294 589 364 652 llab.
388 591 414 646 iu
430 591 563 666 Hispania
578 588 690 647 australi
705 587 738 644 ad
761 604 855 662 sepes,
873 585 1012 660 margines
1028 586 1172 642 vinearum
1189 599 1216 643 et
1235 588 1369 660 rupesrria

252 694 330 770 regni
347 693 526 751 Granateusis
543 692 648 770 (Boiss
673 689 786 763 Rana),
803 689 937 765 Hispania
960 687 1075 745 centrali
1099 689 1186 766 prope
1206 688 1327 746 Toletum
1341 703 1369 746 ea

253 797 401 854 Mutritum
415 796 532 873 (Reul.)

292 900 328 956 R.
347 898 462 975 plaucos
490 900 568 974 Jacq.
588 900 632 955 cui
657 898 728 955 hanc
753 899 876 973 plautum
899 897 976 972 prius
993 896 1181 955 retuleramus
1195 907 1239 954 est
1259 899 1367 954 tautum

250 1005 337 1061 lorma
352 1004 386 1061 R.
404 1003 515 1060 scutati.
534 1003 567 1058 ll.
588 1011 711 1060 scutatus
734 1002 793 1077 ipse
810 1012 839 1056 ut
853 1012 880 1056 et
896 999 930 1057 R.
949 997 1140 1076 laostisoliasa
1162 1004 1257 1058 nostra
1272 1003 1368 1076 specie

252 1107 364 1183 egregie
378 1106 511 1164 dilleruut
526 1106 609 1162 ramis
624 1104 752 1162 floriferis
770 1112 833 1179 post
847 1103 975 1160 arthesia
992 1104 1135 1160 exsiccatis
1151 1122 1201 1162 uec
1217 1106 1366 1180 persisten-

253 1208 325 1266 tibus
341 1219 368 1266 ct
387 1209 525 1285 imprimis
541 1208 646 1266 laciniis
662 1207 797 1283 perigenii
811 1205 987 1263 interioribus
1003 1206 1060 1263 basi
1076 1205 1226 1264 obsoletius
1244 1219 1271 1264 et
1288 1225 1367 1284 apera

252 1311 306 1369 tius
323 1309 441 1369 cordatis
457 1310 696 1385 exterioribusque
713 1309 875 1368 interiorum
892 1310 1010 1384 margini
1032 1309 1105 1366 arct'e
1120 1310 1271 1386 adpressis.

290 1465 497 1521 Amsroaocma
517 1463 685 1520 Foaraaasu
709 1463 799 1521 Boiss.
818 1474 845 1518 et
860 1461 944 1520 Rem.

290 1616 323 1671 Α.
341 1613 433 1670 radice
449 1612 754 1691 lusilormicylindricd
772 1613 864 1688 longa,
878 1613 1004 1671 caulibus
1021 1615 1159 1690 augularis
1173 1615 1282 1681 erectis,
1296 1615 1370 1671 loliis

251 1717 352 1794 glabris
377 1719 465 1775 oratis
487 1717 624 1793 prolunde
649 1717 767 1774 cordatis
794 1716 902 1774 obtusis
926 1718 1029 1775 retusis
1049 1719 1151 1794 petiole
1174 1719 1237 1776 sinu
1258 1718 1369 1774 basilari

249 1821 459 1896 subaequilongo
475 1819 609 1888 suffultis
632 1819 798 1895 pedunculis
816 1818 941 1876 unissoris
961 1819 1120 1877 axillaribus
1136 1821 1240 1896 petiole
1258 1821 1369 1878 brevio·

250 1923 337 1990 ribus,
367 1923 482 1980 ssoribus
502 1922 611 1998 maguis
627 1923 826 1980 latescentibus
842 1921 1079 1998 longitudiualiter
1102 1922 1368 1990 brunum-linealis,

250 2030 321 2088 labio
342 2029 561 2106 ovato-oblongo
587 2028 631 2086 vel
652 2027 942 2104 oblongo-lanceolata
958 2027 1056 2084 obtuso
1075 2027 1141 2084 tubo
1161 2036 1239 2103 parte
1258 2028 1369 2085 circiter

253 2137 330 2198 tertiat
361 2135 492 2202 breviori,
519 2134 609 2190 lructu
634 2131 909 2208 attenuato-oblongo
942 2131 1101 2208 pyrilormi,
1132 2131 1271 2189 seminum
1300 2133 1368 2189 testa

250 2237 374 2294 bruuned
395 2237 513 2293 tenuiter
528 2232 873 2312 pustulosa-tuberculatd.

291 2343 324 2397 Α.
344 2338 426 2412 toppo
445 2339 522 2395 Desl.
542 2339 597 2395 Atl.
616 2339 698 2392 ψ-Α,
723 2335 797 2392 luteo
817 2337 1026 2412 sspruiada'floro
1042 2337 1138 2397 lllutcl.
1158 2336 1200 2394 Fl.
1220 2336 1266 2393 Fr.
1285 2335 1314 2403 3,
1337 2355 1367 2410 p.

251 2442 320 2502 att.

288 2543 359 2600 Hau.
376 2545 401 2600 iu
419 2544 500 2601 cultis
518 2545 588 2602 circ'a
604 2541 697 2619 Alper,
723 2543 911 2618 lttostopauem
926 2551 954 2600 et
967 2542 1030 2600 alibi
1048 2544 1075 2598 iu
1092 2543 1183 2600 Alcicd
1199 2541 1298 2600 boreali
1315 2541 1370 2598 tre-

249 2657 367 2724 quenter
384 2648 515 2726 (Durieu,
535 2648 638 2715 Boiss.,
656 2647 739 2705 Reut.
754 2657 781 2703 et
795 2645 841 2702 alii
854 2645 974 2722 plures).
990 2645 1034 2706 Fl.
1048 2646 1130 2713 rea,
1144 2647 1226 2704 Mart.

289 2749 377 2808 Radix
394 2752 468 2826 saepe
485 2751 603 2829 pedalis,
624 2752 718 2810 caules
736 2751 848 2828 pedales
872 2761 898 2808 et
914 2749 998 2820 ultra,
1015 2751 1079 2808 lolia
1094 2751 1168 2828 saepe
1183 2749 1233 2808 Ἡ
1250 2751 1282 2825 ¹l,
1299 2748 1368 2824 poll.

250 2853 370 2929 longas
392 2855 457 2924 lata,
481 2855 584 2913 corolla
600 2855 699 2931 ἳ-ὂᾞ,
717 2855 833 2931 pollices
858 2855 951 2929 longa.
980 2854 1098 2911 Pulchra
1120 2853 1228 2930 species
1254 2853 1370 2910 conlusa

249 2974 312 3012 cum
329 2957 365 3012 Α.
388 2954 470 3028 toapd
491 2975 552 3030 quae
572 2975 683 3030 quoque
704 2957 795 3012 radice
820 2957 973 3030 cylindrica
999 2957 1100 3029 gaudet
1121 2957 1169 3012 sed
1198 2956 1281 3014 haltet
1305 2955 1369 3013 lolia

250 3055 332 3133 paule
347 3055 455 3112 minora
466 3073 516 3131 pro
533 3055 705 3130 longitudine
720 3055 894 3131 angustiora,
921 3055 1005 3114 liores
1026 3057 1082 3115 lere
1100 3058 1180 3135 tripll)
1195 3060 1319 3118 minores
1340 3072 1368 3119 et

248 3159 404 3235 praesertim
429 3159 572 3235 capsulam
596 3157 953 3235 ellipsoideo-glohulosam
972 3177 1023 3217 uec
1045 3170 1075 3216 ut
1096 3161 1124 3216 in
1143 3162 1175 3220 Α.
1197 3161 1369 3238 pistoloelu'd

247 3274 275 3321 et
290 3263 381 3320 nostrd
399 3262 491 3340 speeie
512 3273 682 3321 attenuatam
705 3263 1066 3342 cylindrico-pyrilormem.
1087 3265 1198 3323 Semina
1211 3266 1366 3342 insuperiu

248 3368 290 3426 A.
311 3366 397 3444 lampat
409 3367 710 3444 comicum-spongiam
727 3367 805 3426 laevia
821 3379 887 3424 suut
903 3367 922 3423 d
943 3367 1029 3425 lineas
1045 3369 1138 3446 lunga,
1159 3369 1206 3426 5.-6
1224 3371 1281 3428 liasi
1299 3370 1366 3432 lata,

249 3475 275 3530 iri
289 3475 323 3533 Α.
345 3473 505 3530 Fautoresit'
519 3483 611 3528 autem
627 3471 800 3548 pustulosa&
814 3471 903 3529 lineas
913 3471 994 3548 longa
1008 3472 1065 3530 basi
1080 3473 1141 3551 ΜΞ
1157 3473 1221 3532 lata.
1236 3477 1269 3531 Α.
1289 3473 1366 3532 luteo

249 3575 384 3631 Touruel.
404 3574 508 3632 Coroll.
528 3573 581 3630 tab.
601 3573 619 3631 8
636 3573 680 3631 cui
701 3575 736 3633 cl.
754 3572 840 3632 lllutel
855 3584 979 3631 nostram
996 3575 1118 3652 plantam
1133 3577 1228 3635 rotulit
1242 3588 1285 3635 est
1302 3597 1366 3654 spe·

249 3677 305 3734 cies
329 3677 473 3734 orientalis
494 3677 682 3734 diversissima
701 3675 791 3732 radice
815 3675 1141 3751 globosd.Cl1araeteres
1167 3681 1369 3741 differentiales

251 3781 334 3856 hujus
348 3781 451 3856 speciei
466 3799 498 3838 cx
512 3780 625 3857 capsula
640 3788 667 3837 et
684 3779 840 3838 seminibus
863 3779 1045 3859 depromptos
1060 3785 1187 3844 amicitiae
1206 3786 1241 3845 cl.
1260 3787 1365 3846 Durieu

252 3884 397 3942 mmmm.

290 4038 450 4096 Euruoaml
466 4055 646 4098 vsuwrrscmr
661 4040 750 4100 Boiss.
767 4051 793 4100 ot
813 4043 896 4102 llout.
914 4043 1003 4123 (Scor.
1030 4045 1229 4122 lltlipmolos).

292 4191 324 4245 E.
345 4190 474 4263 perennis
499 4191 663 4268 glaberrima
694 4193 817 4253 caulibus
843 4197 940 4254 erectis
967 4197 1044 4254 elatis
1065 4198 1124 4253 basi
1146 4195 1258 4254 demum
1283 4196 1366 4255 nudis
