3048 4780
732 339 778 403 62

195 478 277 533 tincta
293 477 343 534 sod
366 477 456 554 quoad
475 478 572 536 radicis
591 478 712 536 indolem
725 490 752 537 ot
764 479 886 537 arlucum
902 480 992 537 urlbiic
1007 481 1075 537 ritule
1093 489 1197 536 intrant
1215 481 1312 536 rursus

198 579 383 637 observanda.

237 732 369 790 Caranus
385 734 572 790 Bouncranus
588 731 680 792 Rolss.
698 743 726 790 et
742 731 827 792 Reut.

238 883 271 942 C.
288 904 411 954 annuus,
427 884 553 943 caulibus
568 884 701 963 adpressb
715 885 1075 944 araneoso-canescentibus
1100 886 1170 945 intra
1192 886 1315 944 medium

199 990 316 1047 ramosis
336 989 464 1047 loliorum
481 989 656 1048 occurrenti-a
675 991 792 1066 angustis
811 999 838 1047 ct
858 990 1013 1066 interrupte
1029 988 1109 1047 alatis
1124 989 1195 1048 lobis
1209 989 1314 1046 alarum

201 1093 320 1148 breviter
337 1102 364 1148 ot
382 1092 435 1150 latu
451 1093 666 1169 triangularibus
681 1092 801 1150 dentatis
817 1091 947 1150 dentibus
966 1091 995 1148 in
1010 1092 1106 1169 spinas
1121 1090 1236 1148 lloridas
1254 1090 1316 1149 lobo

200 1193 372 1251 brevioribus
396 1194 573 1264 abeuntibus,
597 1195 682 1253 ramis
704 1195 782 1272 apice
803 1194 1019 1272 approximatim
1040 1202 1068 1252 et
1088 1193 1252 1272 corymbosb
1268 1193 1315 1251 bl

200 1297 324 1374 cephalis
342 1298 540 1374 angustissime
561 1299 596 1355 ad
615 1298 721 1374 apicem
749 1299 837 1374 usqub
857 1298 938 1356 alatis
960 1297 1012 1356 alis
1037 1316 1052 1354 o
1072 1297 1161 1374 spinis
1187 1297 1318 1356 tenuibus

201 1400 330 1457 brevibus
346 1401 402 1458 lorb
420 1401 526 1457 tontiun
537 1401 740 1468 constantibus,
753 1400 826 1458 loliis
838 1400 944 1458 ambitu
962 1399 1122 1459 lanceolatis
1138 1401 1319 1479 sinuato-pin·

200 1504 319 1562 natifilis
333 1505 417 1582 suprb
431 1505 494 1582 pilis
510 1507 604 1582 paucis
620 1505 716 1563 obsitis
732 1506 833 1563 subtirs
844 1506 987 1564 araneasis
1004 1506 1077 1566 lobis
1092 1506 1317 1584 ovato-triangu-

202 1608 304 1666 laribus
321 1608 440 1666 broviter
455 1609 553 1666 lobatis
572 1609 703 1678 dentatis,
722 1609 888 1686 pedunculis
903 1609 1024 1687 capitulo
1046 1609 1220 1668 brevioribus
1244 1611 1319 1687 saepc

201 1713 351 1788 subnullis,
368 1712 502 1772 involucri
517 1713 697 1790 glabrinsculi
723 1715 767 1773 vol
783 1715 904 1792 sparsim
926 1715 1038 1792 pilasuli
1059 1714 1162 1794 phyllis
1177 1715 1319 1793 adpressis

203 1816 293 1894 planis
316 1816 584 1876 lineari-lanceolatis
607 1819 694 1876 ocutis
716 1818 760 1876 vir
783 1818 972 1895 pungentibus
990 1837 1076 1878 nervo
1099 1819 1190 1878 medio
1211 1819 1321 1877 elevata

206 1921 358 1994 percursis,
375 1921 499 1996 squamis
522 1922 625 1979 intimis
646 1922 802 1981 inermibus
820 1923 898 2002 apice
917 1924 1047 1982 scariosis
1070 1924 1171 1995 roseis,
1197 1923 1320 1982 flosculis

204 2025 303 2093 roseis,
325 2025 449 2085 aclrmnio
471 2027 557 2086 nitido
575 2028 729 2086 lutoscento
751 2045 914 2106 compresso
936 2028 1014 2106 apice
1032 2027 1207 2104 longiusculi]
1224 2027 1322 2085 umbo-

206 2139 280 2186 nuto.

248 2232 592 2310 (Iurtluusmyrincnntltus
610 2236 701 2295 nuiss.
717 2236 788 2312 Voy.
807 2235 868 2293 Bet.
886 2236 953 2312 Esp.
973 2255 1028 2294 non
1045 2233 1160 2294 Salam!
1177 2233 1258 2297 -C,
1276 2253 1320 2291 co-

206 2341 348 2418 rymbosus
359 2340 505 2416 Bourgoau
518 2341 558 2416 pl.
579 2341 653 2416 liisp.
668 2359 726 2400 ers.
747 2339 824 2399 toas
837 2359 891 2398 non
907 2343 978 2400 Ten.

246 2445 339 2502 llaltit.
358 2445 385 2500 in
401 2444 499 2503 Bustica
515 2445 586 2502 circa
602 2445 703 2514 GndeS,
719 2445 803 2502 cl'eres
814 2445 934 2523 (boiss,
951 2445 1050 2514 licut,
1068 2443 1200 2522 baurg),
1218 2444 1244 2500 in
1259 2443 1323 2500 Cas-

208 2548 270 2608 tollrl
285 2549 365 2607 Novi
379 2549 450 2606 circb
468 2549 613 2604 llutritunr
628 2547 778 2625 (llantur.)

244 2653 356 2730 Species
369 2671 433 2710 cunr
451 2651 558 2710 rluabus
568 2652 632 2714 aliis
645 2652 690 2710 lile
705 2651 876 2710 enumeratis
891 2652 1006 2710 conlusa
1020 2651 1054 2709 ab
1068 2652 1184 2727 utraque
1198 2649 1318 2707 diverso.

208 2757 237 2816 n.
255 2754 464 2831 ntyriucuntlurs
479 2755 581 2813 Salzm.
598 2765 640 2814 est
654 2754 748 2832 planta
763 2754 843 2813 caulo
859 2753 1021 2832 simpliciori
1033 2752 1180 2830 augustiis
1195 2750 1266 2808 alato
1285 2750 1321 2806 lo·

205 2860 247 2918 bis
265 2861 371 2920 alarum
394 2860 508 2917 minutis
533 2858 772 2917 numerosissimis
791 2857 956 2916 brevissimo
970 2867 997 2915 et
1017 2855 1130 2933 copiosb
1156 2852 1321 2932 spinulosiS,

205 2964 265 3039 eius
290 2961 354 3018 lolia
379 2960 516 3037 prolondb
541 2960 704 3036 pinnatisrda
724 2969 801 3028 sunt,
832 2958 967 3017 involucri
994 2958 1090 3036 plrylla
1118 2957 1210 3034 patule
1234 2955 1323 3034 pilosa

205 3064 341 3124 extoriora
353 3062 591 3121 lineari-subulam
605 3062 701 3119 intima
719 3061 807 3119 multo
821 3060 929 3130 latiora,
947 3061 1071 3120 aclraenia
1087 3062 1143 3120 lore
1159 3059 1322 3138 duplblon-

207 3169 295 3243 giara.
317 3167 346 3226 C.
363 3167 541 3244 coryrnbosus
556 3167 627 3224 Ton.
646 3175 749 3226 nostroe
763 3165 864 3242 speciei
884 3166 972 3242 magis
986 3165 1088 3237 alfinis,
1104 3165 1215 3242 egregio
1231 3172 1323 3221 tamen

206 3271 299 3330 rlillert
318 3269 448 3328 loliorum
464 3269 535 3326 lobis
559 3267 695 3345 prolundb
714 3279 742 3326 et
765 3267 908 3345 palmatim
928 3267 1038 3336 lobatis,
1062 3266 1227 3343 pedunculis
1246 3264 1323 3322 vallia

207 3376 344 3452 elongatis
356 3374 451 3443 nudis,
467 3372 571 3450 phyllis
591 3372 728 3430 involucri
744 3371 834 3448 planis
847 3389 932 3428 nervo
944 3370 1051 3428 elevato
1067 3370 1123 3428 lerb
1141 3369 1279 3427 destitutis
1297 3379 1325 3426 et

209 3491 238 3538 ut
259 3480 295 3538 cl.
320 3481 450 3538 Gussoue
474 3477 604 3536 observat
624 3477 676 3536 sub
701 3476 776 3535 lento
802 3494 857 3532 nan
884 3475 976 3552 opacis
998 3475 1048 3534 sed
1076 3473 1322 3550 aureo-punctatis.

207 3583 302 3640 l‘lanta
317 3582 444 3640 Asturica
466 3580 494 3637 in
510 3580 581 3657 Voy.
599 3581 661 3641 Bet.
681 3579 748 3655 Esp.
772 3578 838 3635 huic
859 3579 1017 3636 consociata
1032 3579 1105 3637 sistit
1118 3578 1241 3655 spcciom
1256 3595 1325 3653 pro-

208 3685 308 3762 priam,
328 3682 358 3740 C.
376 3684 524 3758 Goponunr
537 3681 643 3740 Duriou
655 3700 724 3742 mss.
743 3680 773 3740 C.
787 3684 924 3759 consertus
938 3681 1025 3741 Moris
1037 3690 1080 3742 cst
1093 3698 1205 3760 quoquc
1216 3680 1325 3756 species

208 3785 242 3844 ab
261 3785 391 3844 omnibus
409 3785 529 3842 divorsa.

250 3936 380 3994 cinaeus
399 3935 595 3994 lllnrncrrnnus
611 3935 702 3999 Boiss.
715 3944 742 3995 ct
754 3937 837 3999 lleut.

251 4095 283 4152 C.
298 4112 419 4161 annum,
440 4090 564 4150 caulibus
585 4093 665 4170 parce
687 4103 714 4152 ot
729 4093 849 4152 brevitor·
871 4093 987 4152 ramosis
1010 4094 1150 4168 tantisque
1172 4091 1325 4151 virentibus

212 4199 292 4273 parc'c
307 4199 550 4276 crispo-pubcrnlis
570 4199 711 4259 latinscul'r
728 4201 806 4259 alatis
828 4199 878 4256 alis
903 4198 1000 4256 lubatis
1027 4199 1052 4253 in
1076 4196 1170 4270 spinas
1188 4196 1324 4254 rulitlius-
