3120 4772
729 361 774 423 ll5

233 557 350 612 'l'urnus
373 554 541 612 l'ourrnesu
559 555 648 610 lloiss.
668 565 692 609 et
704 552 787 610 llcut.
808 552 895 630 (Sect.
909 550 1098 624 llesticbr'uo).

232 706 283 762 Tu.
305 704 504 762 sullruticosus
527 706 611 760 ramis
632 722 646 760 e
668 703 725 760 basi
751 703 944 778 procumbenti
971 704 1084 761 demum
1103 705 1201 761 erectis
1220 719 1312 760 remu

191 810 278 884 lisque
299 808 350 864 sub
369 808 442 864 lente
464 807 626 864 brevissime
648 817 675 864 et
690 807 809 882 crispule
830 806 920 873 hirtis,
950 807 1022 864 loliis
1042 807 1309 884 oblongo-ellipticis

192 913 234 968 rel
255 911 544 987 clliptico-linearibus
566 911 674 967 obtusis
691 910 793 985 glabris
814 909 912 966 subtus
931 911 1056 967 nervosis
1073 911 1167 968 crebre
1183 912 1314 986 utrinque

192 1013 520 1089 glanduloso-punctatis,
541 1013 743 1070 verticillastris
758 1014 791 1069 ad
812 1032 951 1069 ramerum
975 1015 1080 1090 apicem
1099 1016 1125 1070 in
1150 1015 1241 1091 spicas
1260 1015 1313 1071 ob-

194 1120 291 1194 longas
309 1119 351 1175 vel
369 1117 667 1194 oblongo-cylindricas
690 1119 837 1174 continuas
859 1118 991 1174 conlertis
1008 1117 1070 1174 lolia
1087 1118 1191 1174 lloralia
1209 1118 1315 1175 suboc—

193 1221 373 1288 cultantibus,
392 1220 485 1297 calyce
502 1221 671 1296 glanduloso
684 1222 802 1297 pilisque
818 1221 948 1277 brevibus
963 1221 1032 1278 albis
1048 1221 1164 1277 hirtoad
1179 1221 1213 1295 7³
1227 1221 1313 1296 longi·

193 1325 295 1381 tudinis
316 1324 404 1399 usque
424 1323 568 1388 bilabiato‚
597 1324 666 1380 labio
689 1325 825 1401 superiori
853 1325 886 1381 ad
914 1325 1022 1382 tertiam
1045 1334 1151 1400 partem
1178 1325 1310 1401 usquein

193 1429 210 1484 3
226 1427 323 1484 dentes
340 1445 355 1482 e
381 1427 436 1482 basi
455 1425 544 1482 latiori
561 1426 707 1482 subulatos
724 1445 855 1482 recurvos
872 1427 971 1493 diviso,
991 1426 1111 1483 inleriori
1131 1427 1156 1482 in
1177 1426 1197 1483 ἓ
1218 1426 1315 1482 dentes

192 1529 335 1586 subulatos
359 1529 457 1604 partito
480 1529 608 1585 dentibus
626 1529 755 1586 omnibus
773 1529 891 1586 breviter
917 1529 1008 1597 hirtis,
1026 1531 1130 1586 corolld
1145 1530 1207 1586 albd
1225 1530 1316 1586 denti-

195 1633 245 1690 bus
262 1632 393 1710 calycinis
410 1632 541 1688 breviori.

240 1735 287 1790 Tb.
305 1734 475 1792 ninsticbina
491 1735 573 1791 Desl¹
593 1735 648 1790 Atl.
667 1745 691 1790 et
704 1734 806 1810 lllunby
825 1735 884 1791 Cat.
905 1735 966 1810 Atg.
986 1753 1040 1790 uon
1063 1734 1095 1791 L.

235 1840 305 1896 Hab.
325 1840 353 1894 in
367 1838 532 1896 lllauritanid
547 1837 708 1894 occidentali
724 1838 793 1894 circa
812 1839 940 1894 Moscora
956 1850 982 1895 et
1005 1840 1028 1894 Τ
1027 1836 1127 1894 lemnon
1143 1838 1254 1916 (Desl.)
1273 1840 1313 1894 in-

196 1955 237 2002 ter
254 1942 281 1999 lc
295 1943 388 1999 Stidia
403 1953 430 1997 ct
447 1943 633 2016 Mostaponcm
646 1941 781 2018 (lleuter)
799 1941 880 2016 Alper
897 1942 981 2017 (llere
994 1941 1017 2020 l)

238 2046 334 2103 lisinis
362 2046 409 2101 Tb.
429 2045 604 2103 mosticbinre
624 2064 744 2120 quorum
775 2045 920 2121 hucusque
942 2047 1074 2104 confusus
1091 2047 1151 2114 luit,
1178 2049 1252 2105 certe
1278 2060 1314 2103 ta-

199 2165 262 2206 men
286 2148 319 2205 ab
348 2168 380 2205 eo
409 2149 554 2206 distinctus
578 2148 649 2204 loliis
666 2149 830 2224 plerumque
854 2149 1010 2218 latioribus,
1036 2150 1236 2208 verticillastris
1260 2169 1314 2208 non

199 2253 335 2309 distinctis
353 2251 444 2309 sedin
463 2251 567 2326 spicam
586 2251 758 2307 terminalem
776 2252 918 2319 consertis,
936 2252 1090 2328 praesertim
1107 2253 1247 2330 calycibus
1262 2253 1318 2308 du-

199 2355 244 2430 plb
268 2355 419 2431 majoribus
449 2373 503 2410 non
530 2354 677 2430 plumosis,
704 2354 774 2411 labio
804 2355 939 2430 superiori
966 2356 1010 2412 vix
1032 2355 1064 2412 ad
1088 2357 1194 2412 tertiam
1211 2365 1317 2432 partem

201 2459 287 2533 usque
312 2459 338 2513 in
366 2457 464 2514 dentes
496 2475 629 2514 recurres
659 2457 748 2514 diviso
774 2457 839 2512 duni
864 2457 965 2513 labium
998 2457 1128 2532 superius
1156 2455 1260 2532 calycis
1291 2457 1319 2512 in

202 2559 250 2617 Tb.
267 2560 430 2617 mosticbind
446 2561 479 2617 ad
499 2560 538 2636 Ἃ
558 2561 645 2635 usque
662 2559 844 2635 longitudinis
862 2561 888 2616 in
904 2559 1001 2616 dentes
1017 2559 1161 2616 subulatos
1176 2558 1321 2632 plumosos

201 2663 331 2738 partitum
348 2673 401 2720 cst.
422 2663 500 2720 Odor
516 2664 572 2720 lere
590 2663 637 2721 Tb.
652 2663 777 2738 culperis
790 2682 839 2720 nec
851 2664 1065 2720 lavendulaceus
1077 2661 1318 2722 Tbmosticliinoe.

242 2816 360 2872 Turnus
373 2816 560 2872 ducentersrs
572 2813 662 2872 Boiss.
680 2826 707 2870 et
722 2813 807 2871 lleut
826 2812 910 2881 (Sect.
930 2813 1115 2892 serpyllum).

242 2968 296 3024 Tb.
317 2967 516 3026 sullruticosus
538 2965 726 3042 procumbens
743 2965 826 3023 ramis
842 2965 903 3024 aliis
922 2966 1050 3024 florileris
1071 2967 1168 3026 crectis
1188 2967 1249 3025 aliis
1263 2981 1321 3024 ste-

203 3072 298 3128 rilibus
316 3070 558 3146 flagellilorrnibus
575 3069 711 3144 elongatis
737 3069 866 3127 omnibus
887 3070 1050 3128 brevissime
1069 3081 1095 3128 et
1116 3071 1322 3130 subretrorslun

208 3174 362 3250 puberulis,
390 3172 464 3228 loliis
489 3171 789 3228 lineari-teretiusculis
805 3172 929 3243 margine
956 3173 1088 3230 revolutis
1103 3175 1161 3232 basi
1176 3176 1324 3232 attenuatis

205 3276 312 3332 obtusis
336 3284 437 3350 praeter
461 3274 523 3330 cilia
548 3290 634 3348 pauca
662 3273 761 3329 versbs
786 3272 863 3328 basin
893 3271 994 3346 glabris
1018 3273 1113 3330 crebre
1145 3275 1323 3348 glanduloso-

205 3377 352 3452 punctalis,
371 3377 460 3434 axillis
477 3373 677 3443 fasciculileris,
695 3373 795 3431 florum
818 3374 1025 3431 verticillastris
1041 3375 1066 3430 in
1084 3376 1174 3451 spicas
1194 3375 1326 3452 oblongo-

206 3483 338 3558 capitatas
354 3481 514 3540 terminales
537 3480 680 3547 conlectis,
704 3478 775 3535 loliis
790 3476 933 3534 floralibus
948 3476 1009 3534 aliis
1029 3478 1072 3533 rix
1088 3477 1230 3535 latioribus
1246 3478 1324 3556 caly-

205 3603 250 3642 ces
278 3585 453 3660 oequantibus
474 3583 680 3660 glabriusculis‚
709 3581 809 3658 calycis
837 3581 918 3657 parce
948 3579 1080 3656 bispiduli
1108 3580 1264 3656 glandulosi
1290 3583 1322 3639 ad

209 3687 331 3743 medium
352 3687 440 3760 usqub
458 3687 576 3743 bilabiati
597 3687 668 3742 labio
692 3686 829 3761 superiori
847 3685 880 3741 ad
905 3684 1011 3743 tertiam
1032 3693 1134 3760 portem
1155 3686 1242 3760 usqu'e
1264 3685 1323 3741 in3

205 3791 302 3845 dentes
326 3788 444 3861 anguste
461 3787 628 3844 lanceolatos
649 3788 749 3855 diviso,
770 3787 909 3846 inferioris
924 3788 951 3844 in
974 3787 1106 3844 lldentes
1121 3787 1264 3844 subulatos
1282 3785 1325 3842 ci-

206 3891 285 3948 liatos
311 3890 420 3967 partito,
438 3890 548 3946 corollae
563 3908 711 3964 purpureae
732 3891 798 3947 tubo
814 3892 988 3949 subexserlo.

249 3993 320 4051 Hah.
347 3992 373 4048 in
399 3991 516 4048 collibus
540 3989 658 4064 Alperio
680 3991 810 4068 (Monard
837 3995 863 4050 in
885 3994 964 4051 berb.
991 3994 1113 4064 rauche,
1129 3995 1204 4052 bove
1221 3991 1325 4049 noeto

209 4098 352 4174 specimen
367 4096 463 4153 abortu
484 4095 644 4152 loemineum
657 4095 772 4152 floribus
788 4096 954 4174 diminutis).

248 4198 359 4273 Species
374 4199 464 4256 altinis
487 4197 532 4257 Tb.
554 4197 626 4254 lu‘rto
642 4197 738 4254 Willd.
768 4217 821 4256 non
843 4199 922 4267 aiu,
945 4201 1043 4277 diffluo
1060 4198 1159 4256 Salznr.
1175 4197 1222 4256 sed
1239 4199 1272 4256 eb
1292 4218 1324 4257 eo
