3048 4780
706 357 751 422 db

209 501 309 558 Cauios
326 500 427 575 saepius
445 499 479 573 ¹t,
498 499 587 554 rarius
601 497 659 554 Ἡ
677 496 833 573 pollicaros,
847 496 996 572 petiunculi
1009 497 1057 554 dd
1075 498 1180 572 pollio,
1194 497 1285 555 loliolu

170 601 262 658 infima
284 601 302 658 3
326 601 411 658 lineas
426 601 507 676 longa
526 609 625 658 coetera
643 599 784 657 multoties
800 599 919 668 minora,
936 600 1055 676 capitula
1074 600 1156 656 etiarn
1176 611 1283 656 matura

170 705 229 780 piso
248 703 366 771 minora,
386 703 492 760 lructus
515 703 525 758 l
549 703 583 779 Ὗ,
600 702 700 758 lineam
717 702 829 778 longus.
847 703 960 778 Species
980 703 1041 762 aP.
1068 703 1240 780 ductioourpo
1263 715 1287 760 et

170 803 305 861 muricoto
323 802 529 860 characteribus
546 802 728 878 vegetationis
744 803 855 861 omissis
878 802 1088 862 distinctissime
1117 806 1223 863 lructds
1244 805 1288 862 di-

170 907 255 964 midib
274 906 390 964 minoris
403 906 454 964 alis
476 906 582 964 obtusis
603 923 655 963 nec
676 905 810 962 subsistis
831 907 960 967 cristatis.
989 907 1021 970 Ρ,
1046 905 1185 984 Moquoiii
1202 917 1230 966 ot
1252 908 1285 966 P.

170 1028 347 1066 verrucosuru
362 1010 452 1066 lructu
464 1008 546 1084 tripld
563 1008 658 1085 majori
672 1009 813 1085 costisque
825 1009 882 1068 lerb
893 1009 1026 1068 obsoletis
1042 1011 1161 1069 cristatis
1176 1011 1287 1088 longius

171 1111 285 1171 distant.
303 1111 406 1168 Nostra
421 1110 528 1186 species
544 1111 677 1186 praterea
696 1118 811 1186 aspectu
837 1110 931 1167 carino
953 1110 1036 1186 partis
1054 1112 1205 1186 superioris
1223 1129 1287 1170 cos-

173 1226 262 1270 tarum
282 1223 309 1272 ct
326 1212 533 1270 tuberculorum
547 1213 664 1287 insignis
682 1224 734 1270 est.

210 1363 355 1421 Persaruu
371 1379 525 1422 nurtcouuu
540 1363 631 1426 Boiss.
647 1373 674 1420 et
692 1363 775 1422 lieut.

211 1517 242 1576 P.
260 1515 431 1586 multicaule‚
445 1515 571 1575 caulibus
585 1516 688 1592 sapius
698 1515 864 1574 abbreviatis
879 1513 1018 1574 subnuliis
1033 1515 1123 1572 rarius
1137 1514 1191 1573 ab
1209 1515 1288 1592 poili·

171 1618 281 1678 caribus
296 1619 403 1678 interne
424 1618 594 1680 divaricatio
619 1619 737 1678 ramosis
751 1619 895 1695 angulosis
909 1619 984 1695 saepe
1001 1619 1123 1687 diffusis,
1145 1618 1218 1676 loliis
1233 1619 1290 1677 ler'o

172 1721 301 1780 omnibus
325 1721 490 1780 radicalibus
510 1721 669 1781 numerosis
689 1719 741 1782 3-5
764 1722 837 1798 jugis
856 1721 957 1779 ioliolis
974 1721 1075 1797 glabris
1092 1722 1192 1778 subtus
1214 1721 1290 1797 glau-

170 1824 344 1886 cescentibus
360 1823 561 1882 subsessiiibus
586 1823 645 1882 basi
664 1823 839 1882 subcordatis
863 1824 1018 1882 rotundatis
1040 1824 1200 1882 lateralibus
1219 1823 1290 1881 sub-

170 1929 290 2007 obliquis
318 1928 450 1987 omnibus
466 1929 596 2004 utrinqud
613 1927 841 2005 pmlundiusculb
862 1937 890 1984 et
909 1927 1007 1996 obtuse
1024 1927 1072 1985 at
1089 1927 1219 1995 dentatis,
1238 1945 1291 2002 pc—

170 2031 298 2090 duncuiis
314 2031 486 2108 longissimis
501 2030 645 2098 flexuosis,
665 2029 793 2107 capitulis
810 2030 903 2106 parvis
924 2029 1063 2098 rotundis,
1087 2030 1176 2088 lructu
1193 2029 1289 2086 oblon-

171 2134 344 2212 go-eiliptico
365 2133 495 2210 utrinque
509 2143 652 2191 attenuato
668 2143 695 2192 et
711 2133 884 2192 acutiuscula
907 2133 1053 2192 manitesre
1067 2143 1094 2190 et
1119 2131 1290 2190 acutiuscula

173 2238 379 2314 quadricostato
394 2237 479 2294 costis
502 2237 689 2313 integerrimis
703 2237 738 2294 ad
755 2237 838 2294 iacies
853 2235 1156 2295 loreolam-reticulato.

210 2341 281 2400 liab.
298 2339 332 2397 ad
350 2357 433 2416 rupes
446 2339 589 2417 Hispaniae
603 2339 744 2408 aristralis‚
761 2340 831 2397 circb
856 2339 1030 2409 Grouodom,
1048 2339 1075 2396 iu
1092 2349 1187 2397 monto
1205 2338 1289 2396 Cerro

171 2445 203 2500 de
219 2443 279 2500 Son
297 2440 438 2501 Cristouol
451 2443 565 2501 ditionis
581 2443 681 2500 Roudo
697 2442 813 2502 Rcuter.

212 2547 313 2605 Habitu
339 2548 460 2624 speciem
489 2547 693 2624 praecedentem
719 2548 845 2606 relerens
869 2547 919 2606 sed
953 2546 1045 2605 ioliola
1077 2545 1159 2621 paulb
1189 2545 1290 2620 majora

175 2648 273 2705 subtus
299 2649 501 2724 glaucescentia
516 2652 677 2728 saepiirsque
692 2651 750 2710 basi
770 2651 882 2710 cordati
897 2650 943 2708 illa
958 2651 992 2706 P.
1007 2647 1188 2706 ancistroc'dis
1204 2647 1291 2722 magis

176 2767 258 2823 quam
275 2748 337 2807 aliae
352 2751 455 2826 speciei
470 2751 581 2826 generis
596 2753 755 2824 referentia,
781 2756 888 2813 lructus
907 2752 1032 2829 ejusdem
1048 2752 1143 2809 lormae
1159 2749 1209 2807 sed
1222 2767 1290 2807 acu-

174 2852 257 2908 tiores
269 2849 468 2926 sesquilineam
484 2851 561 2929 longi
575 2853 610 2910 ad
630 2854 713 2914 iacies
730 2857 819 2915 multb
834 2855 927 2914 minds
947 2852 1083 2930 prolundb
1104 2851 1233 2910 loreolati
1249 2852 1292 2909 rei

172 2953 307 3012 reticulati
326 2971 377 3013 neo
393 2954 558 3014 tuberculati
573 2959 658 3016 costis
673 2978 816 3037 nunquam
832 2955 1094 3035 carino-pellucidis.
1120 2957 1190 3015 Cum
1210 2967 1290 3016 cate·

171 3057 209 3113 ris
224 3057 336 3130 generis
348 3074 403 3120 nou
421 3058 553 3118 conlundi
572 3069 676 3134 potest.

212 3157 254 3213 ct.
273 3157 364 3233 Spaob
381 3157 407 3213 in
420 3159 493 3217 bun.
514 3177 554 3216 scr
574 3169 631 3217 nat.
658 3160 737 3217 issdb
756 3163 896 3219 immerite
917 3163 950 3220 ad
975 3162 1007 3220 P.
1031 3178 1208 3219 verrucosum
1223 3160 1289 3218 Elrr.

172 3277 266 3318 mcum
282 3259 316 3316 P.
330 3259 552 3316 Mauritouioum
568 3279 626 3318 rar.
644 3290 662 3322 α
677 3263 761 3319 trahit
774 3282 790 3320 a
806 3281 862 3340 quo
880 3264 1030 3322 tuberculis
1046 3263 1177 3322 brevibus
1190 3265 1292 3322 crassis

170 3363 311 3439 costisque
336 3361 491 3420 manifestis
513 3364 685 3441 subintegris
709 3383 760 3422 uec
783 3366 811 3422 in
827 3365 925 3424 cristas
953 3367 1144 3425 tubercuiosas
1161 3367 1291 3442 expansis

169 3463 251 3542 longe
266 3466 370 3524 dillcrt.
388 3467 418 3524 Ρ.
432 3464 572 3542 Moquoiii
586 3467 675 3544 Spaoh
688 3492 720 3524 z:
738 3466 772 3524 P.
791 3467 1008 3526 Mauritanioum
1025 3489 1083 3530 var.
1101 3471 1120 3530 ss
1135 3469 1227 3527 Boiss.
1243 3488 1292 3527 au·

173 3579 254 3626 tema
269 3569 302 3627 P.
317 3589 465 3629 verrucosa
485 3570 554 3628 Ebr.
574 3581 680 3630 tantum
702 3571 792 3629 lructu
815 3571 904 3647 magis
925 3571 1055 3648 elongato
1072 3573 1253 3650 distinguitur
1267 3585 1294 3629 ct

173 3669 264 3727 iorsan
278 3672 312 3728 ab
324 3691 357 3730 eo
375 3692 429 3731 non
446 3673 576 3750 specifice
593 3673 696 3733 differt.
711 3709 750 3718 -
764 3676 796 3733 P.
813 3676 974 3733 Foutouesii
998 3677 1079 3752 qualo
1100 3695 1115 3732 a
1141 3677 1177 3733 cl.
1202 3674 1292 3754 Spaclr

171 3772 231 3829 loco
251 3773 333 3831 citato
350 3775 515 3834 describitur
534 3797 588 3834 uon
604 3779 744 3836 norimus.

209 3929 364 3986 Unerttcus
381 3930 537 3987 Gautrruus
552 3930 643 3989 lioiss.
668 3931 860 4008 (SectCotylc
877 3931 954 4008 DC.)
970 3932 1070 4008 Diagn.
1087 3933 1124 4008 pt.
1143 3951 1198 3998 or„
1217 3929 1290 3992 11⁰6,

172 4050 198 4102 [r.
217 4029 266 4086 iiii.

213 4181 245 4235 l'.
264 4183 367 4253 glaber,
388 4183 476 4242 radice
497 4183 622 4241 tuberosri
641 4188 733 4258 parra,
750 4187 827 4243 caulo
855 4196 926 4243 racto
950 4183 1067 4257 simplici
1084 4182 1186 4244 totiaco,
1213 4181 1283 4239 totu<
