3048 4780
723 349 769 414 aa

188 493 265 549 culos
280 493 320 550 eis
335 493 473 567 longiores
489 492 667 558 abeuntibus,
685 490 757 548 loliis
773 488 991 567 pinnati-lobatis
1006 488 1076 547 lobis
1091 489 1304 566 triangularibus

193 596 218 652 in
235 596 339 672 spinam
364 596 482 653 validam
508 595 686 663 abeuntibus,
707 594 834 670 capitulis
859 593 886 650 in
909 592 999 650 axillis
1025 592 1124 670 paucis
1144 592 1178 650 ad
1199 591 1305 670 apicem

192 697 440 774 caulisaggrogatis
453 696 612 764 sossilibus,
629 695 765 753 involucri
781 695 883 773 phyllis
895 695 1090 768 glabriusculis
1106 695 1158 754 sub
1176 695 1249 754 lente
1265 704 1307 753 te-

192 801 280 859 nuiter
303 800 541 876 nureo-punctalis
560 798 882 876 squamoso-patentibus
906 797 1177 857 lineari-lanceolatis
1198 800 1225 856 iu
1248 799 1308 876 spi-

190 921 254 961 nam
280 903 464 962 latescentem
485 902 651 960 abeuntibus
673 920 759 960 nervo
776 901 866 960 medio
888 902 1022 961 carinanti
1044 903 1185 980 percursis
1202 902 1307 959 intirnis

189 1005 343 1065 inormibus
358 1005 484 1074 rubellis,
509 1005 632 1064 flosculis
648 1005 750 1076 roseis,
766 1005 899 1064 achaeniis
903 1049 965 1067 .....

233 1109 360 1168 Carduae
382 1111 507 1186 Arqyroa
529 1108 641 1168 llunze!
674 1110 702 1168 iu
725 1110 892 1168 Willkomm
919 1109 958 1186 pl.
987 1109 1068 1188 Hisp.
1096 1110 1197 1171 exsicc.
1231 1109 1309 1168 idib

193 1213 324 1272 nonBiv.

232 1317 303 1375 Hab.
315 1317 386 1376 circa
399 1316 512 1395 Molage
527 1319 698 1398 (Prolongol
718 1321 882 1379 Willkomm
892 1319 917 1399 l)

234 1420 264 1477 C.
281 1422 407 1498 Argyros
421 1440 436 1479 e
451 1422 651 1498 speciminibus
667 1423 871 1483 Panormitauis
885 1423 958 1482 loliis
972 1424 1056 1501 supra
1071 1422 1247 1500 glaberrimis
1264 1423 1305 1480 ui-

195 1524 257 1582 tidis
268 1524 484 1600 profundissime
500 1525 598 1584 lobatis
616 1526 685 1584 lobis
699 1527 858 1586 lanceolatis
871 1527 953 1604 longb
964 1527 1098 1605 spinosis,
1116 1527 1195 1584 caule
1210 1545 1310 1603 angus-

196 1628 300 1686 tissimb
315 1628 503 1706 etinterrupte
513 1629 586 1686 alato
600 1625 702 1686 dillort.
720 1630 821 1687 Nostra
834 1632 942 1707 species
964 1633 1100 1709 praeterea
1114 1640 1141 1689 et
1156 1632 1310 1708 praesertim

195 1731 229 1788 ab
246 1749 279 1790 eo
303 1742 331 1790 et
351 1750 367 1789 a
391 1731 420 1789 C.
448 1732 622 1808 Bourgaeono
644 1733 688 1790 cui
713 1733 801 1810 magis
819 1732 909 1791 utfinis
927 1744 970 1790 est
996 1733 1124 1790 lucilliutb
1141 1733 1312 1808 dignoscitur

196 1835 329 1893 involucri
341 1834 445 1914 phyllis
459 1838 785 1914 squamoso-patentibus
800 1856 851 1896 noc
863 1837 1017 1916 adpressis.

236 1989 368 2046 cinarus
382 1987 507 2046 Burrcus
523 1987 612 2046 Boiss
630 1999 659 2047 et
672 1988 755 2048 ileul.

238 2141 270 2200 C.
288 2159 411 2209 annuus,
429 2141 508 2198 caule
520 2141 739 2218 simpliciusculo
757 2150 850 2200 erecte
864 2141 984 2220 capitula
999 2159 1086 2220 pauca
1101 2142 1128 2203 iu
1146 2141 1236 2200 axillis
1248 2143 1314 2201 sub-

198 2243 306 2303 sessilia
333 2243 456 2302 solitaria
486 2253 598 2302 ternave
622 2244 714 2302 edenti
739 2245 817 2321 apice
841 2248 1014 2323 aggregatim
1042 2244 1226 2324 polycephalo
1254 2265 1313 2304 ara·

200 2366 284 2406 neoso
296 2347 454 2406 canescenti
468 2347 586 2424 angustie
601 2357 627 2406 et
644 2348 757 2408 lobatirn
776 2349 960 2408 virenti-alate
977 2349 1028 2408 olis
1044 2349 1072 2406 in
1088 2351 1183 2427 spinas
1198 2350 1313 2408 ssavidas

199 2451 378 2510 tenuissimas
395 2451 435 2509 eis
460 2450 655 2527 sublongieres
677 2452 859 2510 creberrimas
883 2453 1061 2518 abeuntibus,
1086 2453 1157 2510 loliis
1186 2451 1313 2528 oblongis

200 2554 380 2631 pinnatisrdis,
397 2554 467 2612 lobis
483 2555 604 2614 breviter
619 2556 929 2632 ovate-triangularibus
944 2556 1121 2615 denticulatis
1140 2555 1317 2613 circumcirca

200 2661 226 2715 in
244 2659 342 2716 dentes
357 2658 473 2715 ssavidos
494 2658 606 2717 crebros
627 2659 806 2730 abeuntibus,
823 2659 953 2735 capitulis
970 2657 1171 2716 subsessilibus
1191 2659 1265 2718 inter
1285 2677 1316 2717 se

200 2761 348 2837 contiguis,
366 2759 500 2817 involucri
510 2759 574 2836 pilis
584 2760 726 2818 araneosis
738 2761 857 2836 sparsim
874 2757 954 2817 obsiti
966 2759 1070 2837 phyllis
1084 2760 1226 2836 adpressis
1241 2771 1315 2818 exlc-

201 2865 320 2923 rioribus
333 2861 604 2922 lineari-lanceolatis
616 2863 694 2940 apice
708 2863 736 2920 in
749 2863 858 2940 spinam
869 2861 1026 2921 subulatam
1038 2862 1139 2920 flavam
1153 2862 1319 2922 abeuntibus

202 2988 287 3027 nervo
315 2968 404 3026 medio
434 2966 542 3026 elevato
568 2967 709 3045 percursis
732 2965 837 3024 intimis
865 2965 1029 3034 inermibus,
1060 2965 1186 3024 llosculis
1216 2967 1316 3034 roseis,

202 3073 334 3132 achaeniis
350 3071 569 3129 lassescentibus
582 3070 640 3128 basi
656 3071 807 3129 attenuatis
823 3069 916 3128 nitidis
936 3071 1095 3129 transverse
1112 3069 1164 3128 sub
1182 3070 1255 3128 leute
1272 3089 1318 3127 ru-

203 3175 320 3254 gulosis.

248 3276 375 3335 Cnrduus
400 3277 539 3352 consertus
561 3274 709 3350 Bourgcau
733 3274 773 3351 pl.
798 3273 879 3352 Hisp.
912 3292 972 3332 crs.
1000 3273 1089 3343 lssdll,
1112 3289 1145 3331 n⁰
1169 3274 1240 3344 258,
1266 3294 1321 3333 non

203 3383 302 3443 Moris.

244 3486 316 3544 Hob.
338 3487 366 3545 iu
390 3485 515 3544 arenosis
542 3483 690 3542 maritimis
713 3481 784 3540 circ'a
808 3479 907 3539 Gades.
929 3479 1031 3558 (Herb.
1059 3478 1181 3539 Fauche.
1204 3479 1321 3544 Reutcr,

205 3590 387 3668 Bnurgeaul)

246 3691 358 3769 Species
372 3693 402 3751 C.
418 3695 541 3770 conserto
556 3693 645 3752 Meris
662 3692 793 3771 equidem
810 3689 902 3749 altinis
921 3688 970 3748 sed
989 3688 1023 3746 ab
1043 3705 1077 3747 eo
1092 3690 1166 3749 certe
1183 3690 1321 3750 distincta.

210 3799 240 3859 C.
258 3797 397 3873 cerisarios
419 3795 504 3856 habet
522 3796 616 3854 caules
639 3795 799 3872 graciliores
821 3794 970 3872 angustibs
990 3792 1078 3853 elatos
1098 3793 1186 3852 multo
1212 3794 1323 3852 breviirs

208 3903 349 3981 spinosos,
368 3898 503 3956 involucri
522 3898 616 3976 phylla
638 3898 731 3974 glabra
746 3898 799 3957 snb
818 3898 893 3956 lente
912 3907 1055 3975 punctata,
1083 3897 1206 3957 achaenia
1221 3897 1322 3974 pallida

211 4003 449 4084 longitudinaliter
471 4002 567 4059 striata
589 4018 640 4060 nec
661 4003 818 4060 transverse
841 4002 986 4080 rugulosa.
1010 4002 1040 4060 C.
1064 4003 1223 4080 fastigiatus
1237 3999 1325 4057 Moris

212 4111 304 4170 lorsan
322 4109 350 4166 C.
371 4110 501 4183 Argyrore
518 4105 578 4164 biv.
600 4123 659 4165 var.
679 4114 781 4166 nostrae
796 4107 898 4182 speciei
923 4125 1035 4184 qnoque
1057 4105 1148 4164 alfinis
1163 4102 1246 4162 habet
1262 4101 1324 4163 lolia
