3120 4772
745 343 786 406 81

206 486 311 545 setoso,
327 479 427 537 corolld
442 480 626 539 minutissima
646 481 707 538 albu
725 501 775 540 nec
794 482 922 552 caarulel,
941 483 1024 542 limbo
1039 484 1132 544 clauso
1150 501 1201 546 nec
1228 485 1311 561 hypo'-

205 580 382 638 cratorilormi
400 583 468 640 lobis
481 583 569 641 oratis
581 600 631 642 uec
644 583 807 652 rotundatis,
824 583 955 644 acbaeuiis
971 586 1059 662 magis
1074 587 1223 646 attenuatis
1238 598 1312 643 com·-

207 682 377 758 pressisque.

243 831 430 889 Ournaroous
446 833 602 890 Pavonum
617 833 708 891 Boiss.
728 834 829 911 Diagn.
847 837 886 912 pl.
904 855 945 894 or.
966 840 997 894 u⁰
1014 839 1062 908 ll,
1081 858 1108 915 p.
1129 839 1196 922 lbb.

244 984 280 1042 0.
293 983 398 1058 glabra,
417 983 496 1040 caulo
515 982 608 1040 foliato
625 994 718 1041 erecto
733 985 854 1060 superne
880 1002 913 1043 ex
928 985 1017 1044 axillis
1032 987 1224 1063 superioribus
1239 1005 1319 1046 race-

204 1085 471 1160 moso-paniculum,
489 1084 561 1142 loliis
587 1084 704 1142 caulinis
729 1086 858 1144 omuibus
885 1087 1030 1147 sessilibus
1055 1089 1114 1146 basi
1139 1090 1316 1149 subcordato·

203 1187 363 1268 ouvriculatis
379 1188 466 1244 oratis
480 1186 660 1244 acutiusculis
681 1198 783 1262 praeter
801 1207 902 1247 nervos
922 1189 1029 1248 medios
1045 1191 1208 1267 primarium
1230 1201 1257 1250 ot
1273 1211 1318 1250 se·

203 1289 350 1346 cundarios
376 1291 468 1347 nervis
500 1290 572 1347 binis
594 1291 711 1366 margini
735 1291 874 1367 parallelis
891 1293 1143 1351 semicircularibus
1173 1305 1237 1351 aute
1260 1297 1319 1371 api-

202 1409 262 1450 cem
288 1391 493 1450 confluentibus
511 1392 662 1468 percursis,
685 1393 802 1450 racemis
818 1394 977 1471 paucilloris
991 1395 1121 1454 brevibus
1143 1396 1318 1467 ebracteatis,

201 1494 343 1570 pedicellis
365 1493 575 1570 erecto-patulis
591 1493 676 1572 calyci
693 1504 756 1571 post
771 1496 901 1554 anthesin
918 1509 1025 1556 acereta
1042 1498 1220 1574 aequilongis,
1239 1499 1318 1578 caly-

202 1600 270 1656 ciuis
291 1599 397 1656 laciniis
418 1597 578 1656 lanceolatis
597 1598 926 1658 serrulam-denticulatis
942 1601 1056 1676 patulis,
1075 1602 1179 1659 corolla
1195 1602 1256 1659 alba
1273 1621 1319 1661 ca-

204 1703 261 1778 lyce
287 1702 472 1771 subbreviori,
500 1701 608 1758 nuculis
623 1701 699 1758 disco
723 1701 939 1777 pubescentibus
965 1705 1089 1778 margine
1113 1705 1214 1763 inllero
1233 1706 1318 1782 longe

202 1805 432 1863 echinato-ciliato
447 1806 553 1863 cinctis.

240 1908 311 1966 Hab.
328 1908 549 1984 probabilissime
566 1909 592 1964 in
607 1907 752 1985 Hispania,
770 1906 820 1965 sed
838 1907 915 1965 locus
930 1907 1061 1983 proprius
1078 1908 1201 1966 incertus
1217 1907 1311 1985 (herb.

202 2011 323 2087 Paron.)

241 2114 345 2172 Plantae
360 2133 424 2192 pars
440 2113 554 2171 inlerior
568 2113 637 2170 mihi
652 2131 708 2170 non
724 2123 800 2182 nota,
819 2112 905 2170 caulis
922 2111 1105 2172 herbaceus9
1121 2112 1236 2188 pollices
1252 2112 1318 2169 lon-

202 2238 264 2294 guS,
280 2218 344 2276 lolia
361 2219 456 2278 crebra
471 2219 577 2276 alterna
594 2217 670 2275 9-15
696 2218 745 2275 lin.
771 2218 864 2294 longa,
883 2215 940 2278 7-8
962 2216 1025 2274 lata.
1053 2215 1138 2292 Calyrr
1162 2225 1190 2274 et
1214 2216 1317 2302 corolla

205 2322 236 2378 0.
258 2321 387 2400 linifolioe
408 2331 435 2380 et
459 2319 593 2378 littoralis
617 2321 666 2379 sed
693 2320 751 2380 haec
774 2319 866 2398 calyce
890 2320 1009 2378 brevior.
1029 2319 1204 2378 Nucularum
1220 2339 1316 2397 margo

202 2426 283 2503 longe
300 2427 417 2484 ciliatus.
435 2423 546 2502 Species
562 2425 596 2482 ab
617 2423 746 2483 allinibus
772 2422 859 2482 lormd
878 2433 905 2481 et
929 2423 1092 2481 nervationa
1113 2423 1244 2481 loliorum
1266 2441 1316 2481 co·

201 2528 277 2586 rollis
292 2528 405 2586 minutis
421 2528 640 2586 distinctissime.

240 2676 342 2732 Cursu
355 2691 527 2732 rrnnnrrrrua
543 2675 634 2732 Boiss.
656 2684 684 2731 et
708 2675 793 2732 Reut.
810 2674 912 2749 Diagn.
931 2673 971 2749 pl.
988 2691 1054 2730 nov.
1071 2673 1166 2748 Hisp.,
1183 2691 1212 2748 p.
1231 2671 1281 2731 m.

238 2825 304 2884 Haec
321 2825 428 2902 species
443 2843 458 2882 a
476 2823 511 2882 cl.
528 2823 665 2881 Bentbam
690 2822 719 2880 C.
742 2821 882 2881 laciniotoe
896 2821 988 2880 Poiret
1008 2823 1142 2881 associata
1164 2824 1215 2880 luit
1231 2843 1315 2900 quam

199 2928 226 2984 in
242 2927 330 2985 Africa
344 2926 447 2985 boreali
462 2926 533 2984 circb
552 2924 630 2982 Orou
644 2932 672 2982 et
689 2925 790 2986 Baetioa
812 2924 886 2982 iuter
908 2923 1007 2983 Rauda
1028 2935 1056 2984 et
1082 2925 1231 3004 Yuuquero
1247 2925 1316 3003 legi·

199 3049 262 3089 mus
277 3030 457 3106 descriptioni
469 3030 571 3087 Poireti
586 3041 629 3087 sat
642 3029 857 3087 convenientem
872 3040 900 3086 et
914 3047 929 3086 a
944 3032 1038 3088 nostra
1051 3030 1144 3107 planta
1158 3031 1316 3088 Matritensi

199 3133 270 3190 loliis
286 3130 449 3188 radicalibus
464 3129 552 3186 multb
567 3130 719 3204 majoribus
734 3130 902 3204 longibsque
917 3131 1055 3205 petiolatis
1072 3131 1167 3207 lyratis
1184 3150 1236 3189 uec
1251 3132 1312 3208 pin·

199 3232 319 3290 natilidis
341 3241 435 3289 nostro
459 3247 545 3287 sensu
560 3230 689 3306 specifice
712 3230 882 3299 distinctam,
899 3231 949 3289 sed
964 3250 1066 3290 nomeu
1091 3232 1121 3290 C.
1139 3235 1314 3312 pinnatifidoe

199 3335 346 3413 antiquiori
363 3334 391 3394 C.
411 3333 592 3392 Bomadcsim
608 3333 641 3392 G.
658 3331 732 3390 Don.
748 3332 775 3388 in
791 3330 873 3390 Gard.
892 3330 966 3390 Dict.
982 3331 1013 3402 b,
1027 3352 1056 3410 p.
1073 3333 1143 3404 tes,
1161 3335 1253 3397 locum
1268 3353 1312 3395 ce·

199 3441 263 3498 dere
275 3439 367 3498 debet.

238 3595 437 3651 Anrrnnurnuar
448 3591 621 3651 Hrsrmrcuu
635 3591 722 3649 Char.

239 3747 310 3803 Huic
323 3747 425 3822 speciei
446 3745 629 3802 adscribimus
651 3745 803 3820 specimina
818 3762 833 3801 a
848 3742 971 3802 Reutoro
988 3761 1003 3800 e
1019 3743 1147 3804 Castellm
1166 3763 1245 3806 novae
1260 3769 1312 3808 ru-

198 3847 337 3930 pestribus
354 3847 437 3903 relata
454 3856 482 3903 et
505 3847 531 3902 in
556 3847 627 3922 Voy.
655 3846 716 3904 Bot.
735 3848 801 3923 Esp.
819 3847 931 3925 Suppl.,
961 3865 989 3923 p.
1014 3846 1084 3918 tt‘t,
1102 3848 1310 3931 Prodromoque

198 3950 387 4011 Caudolleano
403 3947 482 4004 citata
496 3947 730 4024 probabiliterque
746 3949 868 4025 plantam
887 3950 1065 4009 Arundauam
1080 3970 1096 4009 a
1112 3953 1147 4010 cl.
1165 3955 1310 4029 Bourgeau

199 4054 251 4112 sub
264 4056 297 4112 n⁰
312 4051 381 4119 36⁰2,
397 4068 470 4108 anno
489 4048 500 4105 l
507 4047 565 4105 ute
587 4049 718 4116 relatam;
742 4051 791 4108 sed
807 4052 900 4128 planta
914 4053 1094 4112 Granatensis
1110 4059 1136 4110 in
1157 4055 1226 4129 Voy.
1245 4055 1306 4114 Βοῑ.

201 4159 268 4232 Esp.
284 4152 476 4214 sulmmoto·
490 4152 590 4211 datast
604 4171 619 4210 a
634 4152 668 4210 cl.
688 4152 823 4213 Bentbam
839 4154 929 4214 eidem
945 4156 977 4211 d.
998 4154 1149 4230 Hispanico
1163 4158 1308 4233 conjuncta

1057 4255 1087 4312 tt
