3048 4780
760 349 780 413 li

214 490 315 568 sepalis
331 489 465 565 longiore,
484 489 583 548 nucula
606 489 780 552 breviusculd
800 494 960 569 coinpressd
975 493 1095 550 cariuaul
1121 491 1330 550 rotundo-ovata

214 593 271 652 basi
290 603 318 651 et
331 594 408 670 apice
424 597 566 652 attenuata
577 595 749 654 acutiuscula
765 596 841 673 apice
853 596 971 655 obscure
987 595 1161 654 bileveolattt.

255 697 325 755 Hab.
339 697 366 754 in
383 697 519 756 ruderatis
534 697 632 757 Africae
645 699 762 757 borealis
776 699 846 757 circa
871 699 948 756 Oran
970 701 996 756 in
1012 699 1145 758 suburbio
1162 698 1190 758 lc
1206 699 1331 776 Mospue'c

217 801 289 858 dicto
302 801 346 858 ubi
363 801 430 878 dpr.
449 798 525 858 tute
546 800 612 878 legit
626 801 742 860 Renter.

255 905 356 963 Caules
372 905 398 962 in
414 904 558 981 specimin¹
578 907 658 964 siccis
673 925 729 966 nou
744 907 922 976 scandentes,
944 909 1046 966 racemi
1067 907 1198 966 fructiferi
1220 905 1331 984 bipolli-

218 1027 307 1077 cures,
319 1007 444 1086 podicelli
462 1008 592 1069 fructiferi
604 1008 659 1068 Μ
674 1010 682 1042 ¹
688 1008 711 1085 l,
727 1006 814 1066 lineas
831 1009 918 1085 longi,
933 1009 1017 1068 flores
1028 1009 1225 1086 magnitudinis
1236 1009 1269 1066 F.
1285 1028 1333 1065 ca·

216 1112 358 1189 preclaro,
375 1113 478 1174 fructus
493 1114 532 1172 eis
548 1113 631 1190 hujus
646 1113 729 1190 paulb
746 1113 868 1170 minores
884 1122 910 1170 et
930 1113 1018 1188 magis
1033 1115 1187 1191 compressi
1205 1132 1259 1171 non
1278 1114 1333 1170 sti·

219 1218 307 1295 pitati.
322 1217 450 1276 Pedicelli
466 1217 598 1276 fructiferi
610 1217 651 1276 eis
662 1217 694 1273 F.
704 1215 870 1294 capreoluloe
885 1216 1043 1275 etmuralis
1055 1217 1200 1293 paululum
1216 1218 1332 1276 crassio-

219 1339 274 1380 res.
293 1321 402 1380 Nucula
416 1322 587 1381 acutiusculd
601 1321 693 1380 affinis
707 1321 739 1378 F.
762 1321 876 1379 Reciteri
894 1321 984 1383 Boiss.
1006 1321 1106 1398 Diagn.
1133 1321 1183 1379 sed
1197 1321 1230 1379 ub
1248 1323 1279 1378 ed
1295 1320 1334 1376 di-

220 1443 301 1483 uersa
318 1424 433 1482 floribus
445 1422 606 1502 majoribus,
627 1424 729 1500 sepelis
745 1425 851 1483 inferne
863 1424 1122 1483 laciniam-dentatis
1140 1442 1191 1482 nec
1207 1424 1333 1500 integris,

219 1528 311 1586 fructd
323 1529 411 1605 magis
425 1545 598 1604 compresso,
615 1527 744 1587 loliorum
767 1528 872 1586 laciniis
897 1547 952 1586 uon
974 1529 1207 1588 lineari-setaceis
1224 1545 1276 1586 nec
1289 1546 1334 1585 ca·

220 1630 385 1689 naliculatis.
407 1629 594 1707 Descriptioui
613 1631 644 1687 F.
667 1631 797 1708 vagantis
812 1631 892 1690 Jord.
913 1648 1024 1708 quoque
1039 1630 1067 1688 in
1090 1628 1185 1688 multis
1206 1629 1336 1686 convenit

220 1733 270 1792 sed
285 1731 465 1792 baecdiffarre
476 1733 585 1792 ridetur
599 1733 702 1812 sepelis
718 1734 797 1792 valde
813 1733 1085 1802 nervosocariuatis,
1099 1732 1191 1790 fructu
1207 1733 1251 1789 vir
1262 1749 1337 1788 eem-

222 1857 320 1915 presso
335 1837 469 1913 stipitem,
486 1837 613 1896 caulibus
623 1839 835 1897 scandentibus.

262 1939 394 2016 Quaedam
412 1941 445 1998 de
459 1943 625 2021 synonymia
640 1944 751 2019 generis
766 1942 920 2002 difficillimi
936 1944 981 2002 hic
1001 1944 1093 2002 forsan
1106 1961 1161 2002 non
1177 1940 1337 1999 inutilia.—

224 2043 478 2103 Fumcrircmnroli
488 2046 597 2107 Sonder
613 2065 627 2104 a
644 2047 676 2104 F.
693 2045 854 2126 capreolatd
867 2047 1011 2126 pcdicellis
1028 2047 1177 2106 fructiferis
1191 2046 1285 2114 rectis,
1296 2063 1340 2104 se-

224 2147 294 2225 palis
308 2147 411 2207 corolla
426 2167 480 2208 non
497 2149 638 2209 latioribus
649 2150 727 2210 facile
740 2151 945 2229 distinguendae
960 2161 990 2209 ut
1003 2168 1180 2230 synonymon
1195 2169 1209 2207 a
1222 2149 1258 2212 cl.
1270 2166 1338 2206 auc-

222 2257 282 2308 lore
299 2261 327 2308 et
339 2252 422 2309 etiam
447 2271 533 2312 sensu
557 2263 651 2312 nostro
670 2254 845 2332 adjungenda
861 2265 904 2314 ost
927 2255 959 2313 F.
984 2253 1115 2314 Basterdi
1134 2253 1255 2311 Borean.
1273 2252 1339 2310 Haec

224 2351 333 2428 species
355 2352 544 2429 magnitudine
558 2354 658 2412 florum
675 2355 701 2412 in
726 2367 802 2432 parte
826 2357 963 2434 superiori
990 2357 1092 2435 plantae
1110 2365 1137 2415 et
1159 2375 1272 2434 quoque
1289 2374 1339 2433 por

224 2455 426 2531 vegetationem
450 2457 639 2516 autumnalem
665 2457 752 2515 multb
773 2459 912 2516 minorum
938 2460 1006 2519 mire
1023 2460 1133 2519 varians
1151 2471 1251 2537 praeter
1267 2459 1339 2516 Ger-

223 2559 344 2618 maniam
360 2559 499 2618 borealem
520 2561 565 2619 ubi
580 2562 672 2620 forsan
683 2561 844 2632 adventitia,
861 2563 1036 2641 Galliamque
1050 2564 1214 2632 centralem,
1227 2566 1340 2638 quoque

222 2665 321 2724 crescit
334 2665 361 2722 in
377 2665 510 2743 Hispania
521 2666 622 2724 boreali
637 2666 759 2745 (Durior
782 2667 870 2744 plaut.
885 2677 974 2726 astur.
990 2669 1022 2724 n⁰
1036 2667 1110 2747 tto)
1125 2678 1153 2727 et
1168 2666 1340 2744 frequentis·

225 2769 296 2828 sime
312 2769 338 2826 in
357 2771 414 2828 told
435 2769 537 2830 Boeticd
552 2781 580 2830 et
599 2770 691 2830 Africa
707 2771 856 2849 Tingitana
882 2773 927 2831 ubi
945 2790 1007 2830 cam
1027 2789 1112 2850 sepes
1127 2769 1341 2849 quinquepeda·

225 2873 266 2930 les
277 2872 406 2931 caulibus
421 2875 481 2932 suis
497 2875 631 2933 intricatis
652 2877 829 2952 obtegentem
846 2894 921 2953 saepe
933 2875 1064 2934 vidimus.
1085 2876 1163 2932 Hanc
1180 2890 1292 2950 quoque
1308 2889 1341 2928 er

225 2977 257 3034 P.
273 2975 307 3034 B.
324 2973 387 3052 Spei
403 2975 431 3034 in
452 2976 559 3054 Zeyber
573 2991 606 3034 n⁰
618 2977 655 3034 l5
665 2997 699 3036 ex
715 2977 825 3054 Europa
838 2976 1017 3054 probabiliter
1031 2976 1176 3035 advectam
1190 2975 1338 3034 habemus.

228 3080 258 3137 F.
280 3078 414 3138 Gerronii
427 3078 518 3138 Boise.
536 3079 637 3156 Diagn.
662 3079 729 3137 n⁰ss
749 3112 781 3122 ψ
799 3079 831 3138 F.
855 3080 958 3138 Petteri
972 3080 1103 3140 Gussono
1121 3098 1175 3138 uon
1193 3078 1285 3140 Rchb.
1304 3112 1341 3122 -

227 3183 259 3241 F.
273 3183 390 3260 confuse
402 3182 482 3241 ford.
500 3182 527 3240 in
542 3193 595 3241 cat.
608 3182 687 3244 Hort.
707 3183 818 3242 Divion.
836 3185 943 3262 species
958 3184 1043 3262 priori
1058 3184 1158 3243 similis
1179 3180 1279 3242 uucrrld
1297 3191 1343 3239 tu-

228 3287 366 3346 berculatd
381 3306 433 3346 nec
448 3288 520 3346 laevi
534 3289 568 3346 ab
583 3291 615 3346 ed
632 3289 785 3365 presertim
806 3288 898 3349 differt
917 3299 945 3348 et
961 3290 987 3346 in
1006 3288 1111 3357 Sicilia,
1134 3289 1223 3345 Africa
1239 3285 1342 3344 boreali

227 3391 395 3462 communis,
413 3391 440 3450 in
453 3391 540 3450 callia
555 3391 668 3451 australi
685 3403 712 3451 et
723 3393 826 3451 boreali
841 3410 927 3470 prope
943 3392 1061 3450 Parisios
1076 3389 1125 3466 (F.
1142 3387 1234 3445 media
1250 3388 1342 3458 Lois.)

230 3513 342 3570 quoque
368 3497 477 3553 crescit.
490 3527 527 3539 -
543 3493 670 3571 Denique
692 3495 724 3551 F.
745 3493 870 3552 Krclilrii
893 3493 972 3550 Jord.
1000 3492 1061 3549 obs.
1088 3491 1115 3547 in
1132 3499 1185 3547 cat.
1204 3491 1277 3549 bort.
1293 3489 1340 3548 Di-

230 3597 305 3654 viou.
323 3607 366 3655 ost
378 3598 410 3657 F.
425 3594 573 3654 driololr'co
592 3597 683 3655 BoisS.
698 3594 799 3672 Diagn.
827 3608 859 3651 n⁰
872 3594 901 3651 8.

270 3749 396 3808 Piraian
415 3765 590 3808 uurrrnarurr
605 3746 696 3806 Boiss.
715 3757 742 3805 et
756 3746 841 3806 flent.

270 3901 302 3956 P.
323 3916 456 3976 perenne,
477 3897 628 3956 rbizomate
648 3898 793 3974 caespitcso
815 3898 964 3957 multicauli
985 3902 1105 3976 supern‘e
1123 3900 1247 3976 vestigiis
1264 3900 1341 3958 folio·

230 4023 293 4063 rum
304 4011 478 4062 vetustorum
494 4002 604 4070 vestito,
615 3998 686 4058 feliis
700 4001 756 4059 fere
769 4001 898 4060 omnibus
912 4001 1075 4062 radicalibus
1090 4002 1195 4060 ambitu
1211 4000 1343 4074 oblongo-

232 4108 391 4169 lancoolatis
405 4105 583 4165 acutiusculis
599 4104 813 4182 pinnatipartitis
836 4105 862 4162 in
878 4105 1012 4184 petiolum
1031 4103 1203 4180 longiuscule
1218 4110 1342 4159 afferma-

234 4217 278 4284 tis‚
296 4208 608 4291 laciniisirregularibus
629 4210 742 4270 infcrse
759 4208 840 4268 seclis
866 4219 970 4270 costam
988 4207 1106 4268 mediam
1128 4205 1259 4283 producta
1273 4223 1342 4264 con-
