3120 4772
742 387 787 450 75

246 527 313 582 Hab.
333 529 357 582 iu
375 529 490 586 collibus
506 531 575 586 cirea
591 530 629 584 Lo
649 527 723 585 Cella
740 529 835 586 tllricre
854 530 971 587 borealis
988 529 1078 608 (Bovd
1097 529 1197 608 1839).

244 628 353 703 Species
371 631 463 688 habitu
481 631 507 686 J.
529 630 642 688 lurruilrs
661 632 786 689 donataa
803 637 856 709 qud
878 646 905 690 ut
918 647 944 692 et
962 653 975 690 a
990 635 1013 691 J¹
1035 632 1199 710 sessilislord
1218 634 1322 690 laciniis

242 884 406 941 Caucinum
423 886 552 944 llusuem
569 887 647 945 Boiss
666 900 692 945 et
710 890 792 948 Reut.
810 889 900 968 (Soet.
920 891 1064 968 Medium).

244 1035 275 1091 C.
301 1054 391 1092 annua
419 1049 472 1094 tota
489 1039 551 1114 pilis
572 1041 672 1115 patulis
693 1041 823 1117 strigosa,
850 1041 928 1098 caulo
949 1042 1048 1099 humili
1068 1061 1082 1098 a
1100 1042 1156 1099 basi
1174 1041 1266 1117 patule
1295 1051 1322 1096 et

203 1138 414 1198 subdicbotonr'e
430 1159 548 1208 ramoso,
571 1143 641 1200 loliis
657 1144 803 1202 sessilibus
821 1145 909 1201 oratis
927 1143 970 1202 vel
987 1141 1212 1219 ovato-oblongis
1238 1143 1321 1200 obse·

204 1241 257 1298 lete
271 1243 409 1316 repandis,
425 1244 600 1303 inferioribus
614 1247 720 1304 obtusis
736 1248 852 1305 caulinis
868 1247 955 1305 acutis
968 1246 1025 1304 basi
1040 1247 1193 1304 rotundatis
1209 1247 1321 1304 subam-

203 1344 415 1419 plexicaulibus„
440 1347 555 1406 lloribus
577 1349 611 1406 ad
636 1350 731 1408 axillas
756 1353 915 1427 superiores
941 1351 1070 1408 solitariis
1097 1349 1232 1426 pedieello
1256 1349 1320 1406 lolio

203 1449 320 1504 breviori
345 1451 453 1507 tandem
482 1471 597 1511 recurro
614 1454 748 1523 suffultis,
768 1456 869 1534 calycis
895 1457 1006 1531 strignsi
1030 1454 1136 1512 laciniis
1160 1453 1319 1511 lanceoletis

202 1553 399 1610 acutiserectis
415 1555 546 1611 corollam
560 1575 672 1633 parram
695 1561 775 1634 parce
799 1561 946 1635 strigosum
967 1558 1153 1635 aquantibus,
1182 1557 1321 1634 appendi·

202 1657 279 1712 cibus
304 1657 684 1735 lanceolata-triangularibus
710 1663 785 1736 apice
804 1663 941 1719 subulatis
959 1662 1065 1718 laciniis
1082 1662 1163 1736 triplb
1189 1663 1320 1717 breviori-

202 1758 264 1828 buS,
281 1761 394 1836 capsuld
410 1764 516 1820 nutanti
535 1765 696 1822 brevissime
712 1765 855 1822 obcouicd.

243 1865 312 1920 Hab.
332 1868 357 1922 in
377 1868 551 1943 rupestribns
566 1869 598 1925 ad
617 1887 692 1925 mare
708 1880 734 1926 et
749 1870 969 1944 septentrionem
986 1867 1174 1943 spectantibus
1190 1882 1322 1941 promou-

203 1967 263 2024 rorii
275 1969 349 2025 Mers
366 1966 391 2024 el
404 1969 488 2026 Kebir
504 1971 589 2046 propo
601 1971 676 2028 Oran
693 1971 793 2048 (Aprili
813 1969 899 2037 tado,
914 1970 1004 2028 Roiss¹
1019 1983 1047 2027 et
1062 1968 1161 2045 Rent).

242 2072 368 2129 Plantula
386 2073 435 2130 3-5
452 2074 590 2149 pollicaris
607 2075 701 2132 multis
718 2076 789 2132 notis
805 2093 867 2131 cum
883 2073 911 2130 C.
929 2073 1128 2130 diclrotorndL.
1147 2089 1318 2146 congruens,

201 2175 234 2230 ab
251 2174 294 2229 illa
312 2173 427 2230 lloribus
443 2175 556 2231 dimidio
573 2175 737 2244 minoribus,
756 2175 859 2233 corolla
874 2177 997 2252 calycem
1024 2194 1077 2232 non
1103 2174 1246 2232 excedenti
1265 2191 1318 2232 uec

202 2293 234 2331 co
257 2277 334 2331 tertia
365 2276 407 2332 rel
431 2275 541 2332 dimidia
567 2286 643 2352 parte
670 2279 786 2353 longiori
812 2278 867 2336 lere
891 2279 996 2335 tantiam
1019 2278 1146 2336 distincta
1166 2295 1228 2354 quae
1246 2288 1318 2335 uotae

203 2381 282 2438 nobis
296 2398 349 2437 non
363 2382 429 2438 satis
443 2400 540 2456 graves
550 2383 616 2440 visae
628 2393 721 2440 esseut
737 2383 788 2440 nisi
801 2382 908 2439 cultura
924 2401 971 2440 eas
988 2401 1149 2459 permanere
1166 2381 1317 2440 docuisset.

239 2534 384 2589 Crcrnuan
401 2536 563 2590 Arurciuuu
589 2535 676 2592 Roiss.
698 2545 725 2592 et
745 2535 828 2592 lleut.

242 2691 272 2745 C.
301 2689 396 2746 tubere
419 2709 519 2764 magno
547 2691 692 2746 rotundato
719 2691 762 2747 vel
790 2691 875 2746 lemna*
909 2689 1053 2763 irregulari
1077 2686 1159 2743 libras
1187 2685 1320 2745 radicales

201 2813 302 2868 paucus
326 2794 428 2851 validas
447 2793 514 2850 lacie
538 2793 659 2850 inleriori
684 2794 832 2860 emittenti,
853 2793 925 2849 lelirs
955 2791 1037 2866 longe
1061 2790 1198 2866 petiolatis
1221 2791 1320 2847 erectis

202 2900 310 2974 maguis
328 2896 484 2975 synauthiis
500 2898 557 2955 basi
581 2897 699 2955 cordatis
716 2896 787 2954 lobis
812 2895 1009 2974 approximatis
1027 2894 1069 2951 vel
1085 2894 1250 2951 distantibus
1265 2911 1321 2953 sae-

201 3005 263 3079 pilis
283 3003 503 3061 ovato-rotundis
519 3003 597 3060 acute
612 3001 659 3058 to
677 3001 815 3078 angulatis
831 3001 921 3058 raribs
936 2999 1024 3056 oratis
1047 2999 1219 3075 exangulatis
1241 2999 1320 3075 apice

200 3125 311 3182 semper
328 3107 415 3162 acutis
430 3107 662 3181 circumcircaque
688 3107 812 3180 margine
829 3105 948 3178 anguste
966 3103 1091 3160 revoluto
1108 3103 1213 3160 minute
1225 3113 1252 3159 et
1267 3102 1320 3158 ob-

203 3211 263 3267 tuse
288 3209 450 3273 menclaus,
474 3206 641 3283 pedunculis
663 3207 780 3282 petiolas
799 3205 965 3282 plerumque
990 3206 1187 3279 superantibus
1209 3214 1238 3261 ut
1253 3216 1280 3262 et
1295 3206 1320 3262 ei

201 3311 323 3388 superne
340 3307 717 3385 glanduloso-papillaribns,
735 3307 837 3384 calycis
858 3306 1025 3363 brevissime
1045 3306 1319 3380 glandulosopapil-

205 3415 269 3472 laris
286 3414 390 3471 laciniis
413 3413 500 3470 eratis
522 3411 604 3489 louge
621 3423 729 3470 setaceo
746 3410 909 3466 acuminatis
927 3409 1051 3484 margine
1069 3407 1319 3484 glandulosodeu·

202 3519 334 3585 oculatis,
355 3517 466 3575 corollae
482 3535 589 3592 maguae
607 3533 693 3572 roseae
714 3515 778 3570 tubo
794 3513 872 3589 apice
895 3530 947 3566 non
969 3510 1118 3566 constricto
1132 3509 1207 3566 lauce
1223 3519 1317 3584 peuta-

202 3628 272 3700 gend
292 3624 423 3680 lateribus
441 3622 572 3679 lunulatis
592 3620 810 3687 decemdentata,
836 3618 941 3675 laciniis
959 3614 1012 3670 late
1033 3613 1320 3689 oblongo-linearibus

203 3726 321 3790 obtusis,
338 3727 463 3783 antlreris
479 3725 635 3782 sessilibus.

247 3827 275 3884 C.
299 3826 512 3902 Neapolitanum
530 3828 610 3904 Duby
636 3830 661 3883 iu
689 3829 745 3885 DC.
770 3828 864 3886 l'rodr.
885 3827 975 3902 quoad
997 3825 1211 3902 descriptionem
1228 3835 1254 3880 et
1271 3842 1320 3898 pa-

208 3936 287 3991 triam
305 3931 443 4006 Algeriam
461 3951 515 3987 nou
534 3933 605 3988 Ten.

247 4036 317 4092 llab.
337 4036 362 4090 iu
379 4031 495 4089 collibus
514 4034 651 4090 umbrosis
666 4036 735 4089 cire'a
753 4031 891 4108 Alpericm
910 4035 1053 4111 lreqoons,
1072 4035 1152 4092 lloret
1164 4029 1320 4091 abOclobri

206 4140 238 4196 ad
255 4139 437 4197 Decembrem
452 4136 542 4207 (herb.
560 4135 686 4194 Fauclrdl
705 4137 822 4215 llluuby,
839 4137 930 4196 Roiss.
947 4145 974 4195 et
989 4137 1092 4211 Reut.)

247 4243 337 4301 Tuber
361 4244 433 4319 saep‘e
461 4240 650 4318 maguitudino
676 4242 760 4318 pugni
788 4242 920 4316 majorve,
945 4241 1007 4298 lolia
1028 4240 1101 4315 saepe
1128 4235 1186 4295 l-tt
1208 4236 1322 4314 pollices
