3048 4780
707 337 753 401 25

171 484 204 540 tis
220 484 319 541 exuare
334 484 434 542 diflert.
449 485 525 540 luter
541 482 649 558 species
667 496 803 556 perennes
815 476 912 532 elimes
929 475 959 530 L.
978 476 1189 551 carymbisorunr
1204 473 1281 530 Desl.

171 585 339 660 dignoscitur
365 587 436 643 loliis
452 585 602 661 maioribus
624 581 722 639 eximie
739 579 893 645 serrulatis,
916 577 1121 636 inllorescentie
1133 577 1284 635 coniertiirs

171 687 343 764 corymbosa,
363 688 467 763 sepelis
484 685 600 762 abrupte
625 682 933 748 setaceoacuminatis,
950 681 1054 738 corolla
1069 680 1154 755 dupld
1175 679 1283 754 majori,

170 789 345 866 stigmatibus
366 790 493 868 capitatis
515 789 634 846 stamina
657 804 711 844 non
737 784 921 861 aequantibus.
950 784 979 842 L.
1007 783 1178 841 maritimum
1203 782 1286 840 habet

170 893 264 950 caules
283 893 447 961 berbeceos,
472 891 536 949 lolia
563 889 690 948 inferiora
713 887 852 964 opposita,
869 886 1041 962 pedunculos
1063 885 1218 944 fructiferos
1239 903 1286 942 ca-

172 998 231 1074 lyce
246 997 351 1074 pluri'es
367 996 520 1072 longiores,
536 993 628 1070 sepala
644 1002 734 1060 orata,
753 990 884 1048 corollam
900 991 1043 1065 majorem.
1056 1023 1095 1034 -
1111 990 1142 1047 L.
1161 990 1287 1046 scabrum

171 1097 267 1155 llunze
281 1097 378 1154 Chlor.
395 1096 509 1173 Hispan.
528 1111 543 1149 a
560 1093 589 1151 L.
609 1094 685 1150 tenui
706 1092 784 1150 Desl.
806 1091 933 1150 diricano
949 1110 1005 1148 non
1022 1091 1123 1150 diiiert.

214 1225 305 1282 Linou
317 1240 517 1282 nsranrromuu
529 1223 619 1280 Boiss.
633 1232 659 1279 et
675 1221 758 1280 Reut.
775 1219 863 1295 (Seot.
880 1219 1044 1296 Eulinum.)

211 1351 246 1410 L.
263 1369 400 1423 annuum,
420 1350 510 1407 radice
525 1349 688 1406 subramosa
700 1347 800 1414 albida,
825 1347 903 1404 caule
927 1349 1045 1424 rigidulo
1060 1361 1151 1406 erecto
1169 1350 1211 1407 vel
1230 1349 1287 1408 basi

171 1454 331 1513 ascendenti
353 1453 471 1531 simplici
493 1450 536 1510 vel
556 1452 613 1509 basi
634 1468 710 1508 ramo
732 1469 788 1508 uno
813 1449 935 1507 alterove
962 1451 1077 1527 praedito
1106 1451 1168 1528 pilis
1190 1451 1290 1528 patulis

171 1559 280 1615 hirsuto
306 1557 428 1632 superne
453 1554 547 1632 glabro
571 1554 616 1611 vel
636 1552 742 1610 eisdem
765 1553 826 1629 pilis
844 1554 948 1630 sparsis
972 1554 1083 1612 birtello
1106 1554 1185 1612 valde
1209 1554 1289 1612 llexi-

173 1663 271 1729 fracto,
284 1660 369 1717 ramis
380 1658 495 1718 alternis
513 1658 638 1734 rigidulis
649 1657 824 1715 lililormibus
836 1657 969 1715 flexuosis
984 1659 1147 1734 corymbum
1163 1659 1288 1735 amplum

173 1762 354 1822 multillorum
387 1763 608 1820 ramosissimum
634 1760 828 1823 formantibus,
861 1761 932 1818 loliis
966 1761 1289 1820 lanceolata-linearibus

171 1866 340 1924 acutissimis
359 1865 462 1923 aculeis
480 1864 601 1921 minimis
623 1864 655 1918 ad
681 1875 786 1920 costam
808 1872 836 1920 et
858 1862 956 1919 subtus
973 1863 1128 1938 praesertim
1150 1863 1289 1921 scaberri-

174 1971 225 2026 mis
240 1969 367 2043 margine
385 1967 481 2024 scabro
497 1966 658 2024 nervilormi
679 1984 762 2041 supra
786 1965 910 2021 involuto
933 1963 991 2022 basi
1007 1963 1062 2022 3-5
1081 1965 1183 2024 nerviis
1204 1985 1290 2024 nervo

174 2069 263 2126 medio
278 2069 401 2128 validiori
418 2069 451 2126 ad
467 2069 572 2146 apicem
584 2068 673 2144 usque
688 2086 821 2144 percurso
837 2067 996 2125 lateralibus
1011 2068 1184 2126 brevioribus
1202 2071 1289 2128 inter·

175 2171 239 2228 dum
255 2172 396 2248 obsoletis,
413 2171 483 2230 loliis
495 2170 867 2247 superioribusbrevioribus
883 2188 957 2247 saepe
972 2171 1014 2248 (in
1029 2172 1146 2247 specim.
1159 2173 1285 2249 majorib.

173 2275 343 2353 praesertim)
364 2275 495 2352 utrinque
516 2273 610 2332 lobulo
625 2274 802 2350 stipulilormi
829 2283 938 2332 setaceo
963 2274 1091 2332 subulato
1114 2275 1170 2350 basi
1190 2279 1290 2344 auctis,

171 2378 287 2436 lloribus
302 2377 498 2435 subsessilibus
515 2376 558 2434 vel
572 2374 707 2452 pedicello
725 2375 799 2430 tenui
815 2373 907 2452 calyce
925 2375 1044 2432 breviori
1059 2375 1193 2444 sullultis,
1207 2395 1290 2454 sepa-

171 2482 205 2539 lis
223 2480 362 2538 trinerviis
377 2479 558 2538 subscariosis
576 2477 714 2535 trinorviis
728 2495 742 2534 e
755 2476 812 2534 basi
835 2481 912 2534 ovata
932 2479 1012 2554 longe
1032 2479 1290 2538 acuminato-subu-

172 2583 232 2640 latis
248 2584 373 2658 margine
389 2582 508 2638 breviter
522 2578 837 2656 stipitum-glandulosis
855 2581 964 2650 ciliatis,
984 2583 1086 2639 corollal
1101 2583 1193 2658 calyce
1211 2583 1290 2660 d-plo

175 2683 217 2740 vel
233 2683 312 2759 epla
325 2683 443 2757 longiori
460 2683 717 2741 carneo-latescenti
734 2684 767 2740 ad
784 2684 891 2740 lancem
901 2686 1004 2742 circulo
1021 2684 1143 2743 violaceo
1158 2685 1289 2761 striisque

176 2781 347 2840 tenuissimis
376 2782 519 2856 eleganter
545 2783 628 2856 pictd,
654 2783 732 2859 stylis
757 2785 923 2842 slaminibus
945 2784 1118 2842 brevioribus
1150 2786 1192 2842 rel
1222 2787 1291 2843 sub-

173 2886 355 2962 longioribus,
379 2884 555 2961 stigmatibus
570 2886 705 2962 capitatis,
730 2889 892 2963 capsula...

209 2989 280 3047 Hab.
301 2990 327 3045 iu
343 2989 478 3048 fruticetis
496 2989 622 3048 arenosis
642 2989 740 3050 Alcicae
765 2991 883 3048 borealis
903 2993 973 3048 circ'a
996 2991 1073 3048 Oron
1094 2994 1127 3049 ad
1150 2995 1286 3051 orientem

173 3092 248 3149 urbis
263 3091 323 3149 loco
338 3092 410 3149 dicto
429 3089 459 3146 lo
475 3091 598 3148 Bottcrio
614 3091 760 3169 espopnolo
782 3105 809 3151 et
833 3093 919 3170 prope
942 3096 997 3150 Ain
1021 3095 1184 3154 Temouclen
1202 3097 1228 3152 in
1248 3098 1289 3151 rid

173 3196 244 3251 inter
262 3193 337 3251 Oron
351 3204 379 3250 et
401 3191 532 3254 Tlemsen.
550 3195 639 3270 April.
662 3194 749 3253 tate.
763 3195 869 3273 (Roiss.
883 3209 909 3253 et
921 3196 1052 3275 Reater).

212 3295 307 3353 Cauiis
325 3293 352 3363 l,
371 3295 382 3351 l
405 3296 441 3372 ‘lg
455 3296 498 3353 vel
513 3295 533 3353 ᾖ
548 3295 664 3372 pedalis,
679 3296 741 3354 lolia
760 3298 889 3354 inferiora
906 3299 969 3355 circ.
990 3299 1117 3375 pollicem
1135 3299 1216 3374 longa
1236 3301 1289 3359 ld

170 3399 257 3457 lineas
273 3398 326 3455 lata
342 3399 487 3476 superiora
501 3398 635 3475 gradatim
648 3399 773 3457 breviora
794 3413 820 3457 et
834 3402 967 3468 acutiora,
990 3401 1074 3460 ssores
1089 3405 1287 3479 speciosissimi

169 3521 200 3560 ea
215 3502 244 3560 L.
265 3502 436 3580 corymbiferi
450 3502 528 3560 Desl.
549 3503 740 3579 magnitudine
758 3503 972 3579 subaequantes3
988 3506 1022 3562 ab
1039 3523 1071 3562 eo
1093 3505 1184 3564 dillert
1196 3507 1286 3567 radice

171 3608 274 3674 annul,
290 3605 361 3664 loliis
372 3607 461 3682 magis
469 3606 573 3665 scabris
584 3607 764 3675 acutioribus,
777 3607 879 3683 sepelis
889 3607 970 3683 longe
982 3610 1286 3670 acuminato-subulatis

171 3706 202 3765 L.
218 3707 318 3765 bicolor
333 3709 469 3767 Scbousb.
488 3727 537 3784 pro
550 3728 605 3784 quo
621 3728 684 3766 eum
702 3709 849 3766 babuimus
865 3715 985 3768 anostra
996 3716 1089 3788 specie
1106 3713 1197 3772 differt
1208 3715 1284 3772 caule

170 3810 276 3867 inferne
290 3810 410 3868 breviter
424 3811 744 3887 relatiua-pubescenti,
768 3811 840 3868 loliis
861 3813 992 3870 conlertis
1012 3817 1110 3873 erectis
1127 3816 1285 3874 lineari-su-

169 3913 280 3980 bulatis,
298 3912 328 3970 ll.
351 3913 515 3981 minoribus,
533 3913 635 3989 sepelis
651 3914 738 3989 magis
755 3914 925 3984 lanceolatis,
943 3926 994 3971 etc.

207 4041 338 4098 Enommr
353 4040 558 4105 Jacourauamr
573 4039 666 4098 Fisch.
682 4041 756 4119 May.
775 4054 802 4098 et
820 4041 937 4100 Lallenr.

209 4167 242 4225 E.
259 4186 395 4236 annuum,
420 4166 546 4225 caulibus
561 4168 809 4240 procumbentibus
825 4170 942 4227 ramosis
957 4171 1030 4245 pube
1046 4170 1178 4228 visciduld
1194 4171 1284 4237 birtis,
