3048 4780
712 357 759 422 29

170 499 378 576 coniungendas
396 517 469 557 esse.
495 499 525 554 S.
545 497 749 554 Molocitauum
768 508 858 554 tamen
882 508 995 575 propter
1019 500 1158 574 legumina
1180 521 1288 578 angus-

173 606 240 660 tiora
255 614 375 668 arcuata,
390 600 499 678 calyces
509 602 643 670 minores
657 610 709 657 etc.
720 599 808 657 donec
822 599 939 658 ulterius
951 601 1286 664 observeturretinemus.

174 706 237 761 Sor.
254 705 387 761 arboreus
398 703 498 761 Webb.
513 722 568 761 non
584 702 674 762 Roiss.
692 721 726 760 er
740 703 829 760 blried
845 704 959 772 boreali,
976 723 1060 780 quem
1077 725 1151 763 nunc
1166 708 1286 765 fruetile-

172 827 232 865 rum
254 827 287 867 er
306 808 424 866 collibus
439 806 650 883 Algeriensibus
667 805 815 880 babemus,
832 816 874 864 est
888 809 995 883 species
1013 827 1029 864 a
1049 808 1079 866 S.
1098 809 1198 866 Baetieo
1210 809 1288 886 legu-

172 911 245 968 mine
264 909 427 968 brevissime
442 920 469 966 et
482 908 615 984 adpresse
632 907 767 984 puberulo
785 909 901 984 aliisque
924 910 997 968 notis
1022 909 1161 969 distincta.

212 1060 436 1118 Anernouoeruu
452 1075 666 1116 eninnrrtenurr
684 1059 775 1118 Beiss.
790 1073 816 1114 et
828 1059 911 1116 Reut.

215 1213 248 1266 Α.
267 1211 417 1268 rliizomate
441 1211 561 1286 lignosa,
585 1211 669 1268 ramis
685 1209 933 1286 procumbentibus
952 1210 995 1268 vel
1011 1210 1226 1268 ascendentibus
1241 1212 1290 1268 ab·

176 1316 303 1372 breviatis
313 1315 468 1390 caespitosis
483 1314 753 1390 adpressehirsutis‚
770 1314 843 1372 loliis
860 1315 1024 1372 triloliolatis
1039 1315 1141 1391 petiole
1159 1315 1291 1391 adpresse

176 1416 216 1474 vel
230 1416 322 1492 patule
342 1417 450 1474 hirsuto
473 1415 574 1474 foliolis
588 1417 746 1492 aequilongo
762 1415 894 1487 sullultis,
914 1416 1016 1474 foliolis
1031 1417 1291 1494 oblongo-ellipticis

174 1519 352 1576 acutiusculis
374 1537 458 1594 supra
481 1520 563 1594 parc'e
579 1519 680 1577 subtus
703 1519 816 1596 copiose
841 1530 868 1577 et
890 1519 1023 1595 adpresse
1041 1521 1164 1588 sericeis,
1181 1521 1291 1596 stipulis

175 1640 190 1677 e
204 1621 262 1678 basi
274 1624 354 1679 ovatal
369 1621 532 1678 acuminatis
547 1619 640 1696 petioli
655 1619 797 1677 dimidiam
812 1618 857 1677 vel
874 1621 981 1678 tertiam
999 1631 1104 1696 partem
1117 1621 1291 1696 aequautibus

174 1721 330 1790 herbaceis‚
346 1721 466 1798 capitulo
478 1721 529 1778 Ἡ
539 1721 609 1778 lloro
621 1721 779 1797 pedunculo
794 1720 888 1798 patule
903 1721 1011 1779 hirsuto
1024 1740 1055 1779 er
1068 1723 1148 1778 axilla
1161 1727 1292 1797 supremd

174 1837 235 1882 orto
254 1826 326 1883 loliis
351 1825 477 1901 longiore
500 1824 627 1893 suffulto,
653 1825 770 1882 bracteis
795 1825 1073 1882 ovato-lanceolatis
1098 1825 1292 1882 lanceolatisre

173 1932 261 1988 acutis
279 1932 372 2008 calyce
389 1931 470 2006 triplo
486 1930 672 1997 brevioribus,
689 1929 790 2006 calycis
810 1928 904 2004 patule
925 1927 1105 1986 hirsutissimi
1126 1929 1182 1986 lere
1204 1928 1237 1984 ad
1259 1931 1292 2001 Ἃ

177 2033 356 2108 longitudinis
384 2033 472 2108 usque
495 2031 614 2089 bilabiati
631 2031 702 2088 labio
716 2031 854 2107 superiori
871 2030 1043 2089 subbreviori
1065 2030 1170 2088 laciniis
1189 2030 1291 2086 latera-

179 2134 248 2191 libus
269 2135 607 2212 triangulari·lanceolatis
636 2135 800 2192 acuminatis
826 2135 882 2192 lere
911 2135 945 2192 ad
971 2135 1048 2192 basin
1072 2135 1161 2210 usqu‘e
1186 2133 1290 2200 liberis,

178 2239 264 2296 tribus
279 2240 454 2298 inlerioribus
476 2239 510 2296 ad
524 2240 562 2316 Ἴ,
582 2239 764 2316 longitudinis
781 2240 853 2296 inter
866 2257 896 2296 se
911 2239 1016 2296 coalitis
1033 2237 1161 2295 dentibus
1183 2237 1291 2294 lanceo-

175 2341 401 2410 lata-linearibus,
423 2342 527 2399 corolld
549 2341 700 2399 suberoced
721 2341 813 2418 calyce
836 2342 915 2398 tertia
934 2352 1011 2417 parte
1034 2341 1164 2416 longiori,
1191 2340 1290 2397 vexillo

175 2454 254 2501 extus
268 2443 400 2520 adpressb
411 2443 519 2501 hirsuto
535 2443 656 2501 rotundo
669 2443 828 2500 transverse
843 2442 986 2500 sublatiori
997 2451 1090 2500 retuso
1106 2442 1163 2498 basi
1178 2441 1293 2516 abrupte

176 2548 203 2602 in
215 2556 499 2621 unguemcontracto,
512 2545 563 2603 alis
575 2547 697 2602 carinam
710 2545 839 2602 obtusam
853 2545 978 2622 margine
994 2545 1115 2602 interiori
1131 2544 1291 2600 rotundato-

178 2648 320 2701 incurram
340 2648 476 2720 superiori
495 2666 645 2704 convexam
669 2647 879 2723 superantibus,
898 2647 1037 2722 legumine
1052 2645 1183 2722 (juniori)
1197 2637 1292 2703 lineari

177 2746 292 2802 curvulo
308 2745 372 2821 pilis
390 2746 689 2822 adpresso-subpatulis
713 2749 913 2807 hirsutissimo.

218 2849 288 2905 Hab.
309 2849 335 2905 in
348 2848 482 2906 fruticetis
498 2849 578 2906 siccis
598 2849 631 2906 ad
649 2849 726 2908 basin
743 2851 862 2908 Atlantis
879 2851 965 2926 prope
987 2848 1110 2906 Tlemsen
1123 2849 1157 2907 ad
1173 2859 1290 2907 catarac-

177 2961 217 3010 tas
232 2952 308 3009 lluvii
327 2951 527 3029 Sessefeundo.
545 2951 640 3010 Floret
654 2953 741 3026 Aprili
756 2953 861 3031 (Boiss.
877 2962 905 3010 et
917 2952 1020 3030 Reut.)

217 3053 284 3110 llaec
305 3053 397 3128 planta
420 3055 454 3108 Α.
479 3053 630 3110 diiinoeune
653 3055 732 3112 valde
747 3053 838 3112 alfinis
853 3055 887 3111 ab
901 3072 934 3112 eo
949 3055 1153 3112 characteribus
1174 3073 1229 3112 non
1250 3068 1291 3112 sat

177 3155 297 3212 definitis
310 3155 401 3212 differt
418 3163 446 3211 et
457 3174 518 3212 cam
534 3169 624 3224 tamen
641 3158 731 3214 vivam
749 3157 924 3214 observatam
938 3158 1018 3214 abeo
1034 3157 1162 3233 specifice
1177 3157 1287 3214 dillerro

177 3269 368 3314 autumamus.
382 3257 521 3314 Omnibus
538 3260 662 3334 partibus
673 3262 759 3335 major
779 3270 807 3318 et
822 3261 937 3318 validior
949 3272 1002 3329 est,
1017 3262 1085 3318 rami
1098 3273 1124 3317 et
1138 3263 1291 3336 praesertim

176 3360 325 3434 pedunculi
340 3360 493 3418 crassiores
513 3372 590 3429 sunt,
609 3362 804 3421 indumentum
824 3363 925 3440 calycis
940 3372 968 3420 et
981 3365 1102 3437 partium
1116 3362 1293 3437 superiorum

176 3462 277 3537 plantae
293 3463 419 3540 patulum
434 3483 486 3522 nee
500 3464 633 3540 adpressb
647 3466 797 3533 sericeum,
818 3465 901 3522 flores
924 3464 1063 3541 subduplo
1086 3465 1204 3539 majores
1226 3465 1291 3522 sub·

176 3566 265 3622 crocei
291 3584 342 3623 nec
361 3565 437 3634 llari,
454 3567 548 3624 carina
564 3568 690 3642 margine
705 3568 843 3644 superiori
866 3568 1011 3624 evidenter
1024 3584 1147 3626 convexa
1164 3585 1215 3624 nec
1231 3586 1292 3626 ree-

179 3665 304 3725 tinscula.
324 3665 481 3741 Legumina
503 3676 611 3724 matura
635 3685 689 3724 nen
707 3668 834 3724 conterre
850 3669 1005 3744 potuimus.

219 3812 341 3869 Lurmus
359 3831 570 3873 rrccosrnuuus
584 3816 675 3872 Roiss.
696 3816 796 3891 Diagn.
818 3817 855 3892 pl.
871 3817 921 3874 Or.
940 3818 971 3874 n⁰
982 3816 1012 3885 9,
1030 3836 1057 3893 p.
1074 3818 1101 3874 8.

217 3967 251 4024 L.
270 3984 393 4032 annuus,
409 3967 488 4023 caule
501 3979 605 4035 erecto,
627 3967 699 4025 loliis
719 3967 821 4042 petiole
844 3967 926 4042 planu
940 3968 1073 4043 adpresse
1088 3967 1196 4026 hirsuto
1216 3969 1294 4042 apice

177 4068 209 4124 ad
225 4068 423 4144 petiolulerum
450 4069 630 4128 insertionem
650 4069 816 4128 subdilatato
838 4069 1026 4127 ssavo-sericeo
1048 4070 1150 4128 foliolis
1176 4069 1294 4144 longiori

179 4169 310 4236 stillultis,
337 4172 437 4229 loliulis
457 4170 505 4227 'lll
529 4174 643 4246 anguste
668 4173 816 4230 linearibus
837 4191 868 4230 cr
890 4174 965 4245 apice
990 4181 1113 4228 truncate
1134 4171 1176 4227 vel
1199 4183 1292 4229 retuso
