3048 4780
703 353 749 424 55,
769 333 794 380 '‘·

168 496 259 573 [rotule
275 495 461 570 albe-bispida
479 495 600 570 superae
618 494 749 569 atlpressia
765 509 844 560 cano,
865 494 993 570 capitulis
1010 495 1129 571 magnis,
1147 494 1280 553 involucri

167 599 269 676 phyllis
284 599 367 673 nigris
383 595 626 672 lineari-ellipticis
648 596 754 654 obtusis
770 596 877 654 interne
897 595 1003 654 eisdem
1026 597 1089 673 pilis
1111 597 1227 674 septaris
1238 600 1282 655 al-

169 701 317 759 bicantibus
332 699 454 775 superne
476 698 590 774 glabris,
614 697 706 775 ligulis
728 698 903 756 involucrum
927 700 1097 776 tertilrparte
1119 703 1279 778 superanti-

169 806 228 870 bus,
251 803 384 860 acbaeniis
399 801 568 878 compressis
585 801 707 878 undique
730 800 875 879 subpatul‘e
901 802 1132 879 longiusculbque
1154 803 1281 862 hirsutis.

205 905 275 963 Hab.
290 906 317 962 ia
334 904 444 962 Atlante
460 921 545 980 supra
556 902 660 960 Blidab
674 911 702 960 et
716 903 743 960 in
759 903 884 962 saucibus
897 905 975 962 fluvii
993 904 1081 983 Cbiffe
1094 905 1127 962 ad
1145 906 1215 964 viam
1228 911 1282 982 qual

166 1012 220 1067 itur
230 1008 264 1066 ad
277 1007 391 1066 Medeab
407 1007 556 1085 (boissien
572 1005 707 1084 Reutar.)
722 1005 817 1064 Floret
832 1007 931 1083 Aprili.

205 1111 319 1188 Species
337 1112 371 1169 Β,
390 1109 520 1186 sylvestri
531 1109 656 1186 proxime
671 1107 763 1166 affinis
778 1109 811 1166 ab
827 1112 859 1167 aa
877 1120 969 1168 tamen
987 1118 1016 1168 ut
1034 1110 1142 1170 videtur
1157 1113 1283 1172 distincta

166 1214 239 1272 loliis
253 1212 396 1271 latioribus
409 1211 583 1270 brevioribus
600 1212 627 1267 in
652 1211 787 1288 petiolum
810 1212 931 1270 breviter
954 1232 1005 1272 nec
1025 1213 1105 1290 longe
1124 1217 1283 1285 attenuatis,

165 1317 256 1393 scapis
270 1316 426 1393 junioribus
440 1315 532 1392 patule
544 1332 594 1372 nec
607 1314 738 1390 adpressb
751 1313 877 1384 birsutiS,
892 1315 1027 1374 involucri
1046 1317 1149 1396 phyllis
1161 1319 1282 1378 obtusio-

164 1420 250 1486 ribus‚
268 1419 423 1495 praesertim
434 1418 566 1476 achroniis
580 1398 645 1494 pilis
663 1417 764 1494 patulis
777 1436 828 1475 nec
839 1419 1013 1478 brevissimis
1028 1421 1170 1497 adpressis
1186 1421 1284 1480 hirsu-

168 1525 212 1580 tis.
226 1524 259 1578 B.
274 1520 433 1600 pappulosa
445 1522 536 1580 Boiss.
554 1521 662 1580 caeteris
677 1520 812 1597 neglectis
826 1521 960 1580 acbaeniis
976 1542 1068 1600 pappo
1080 1526 1219 1584 coronatis
1230 1535 1285 1584 sta-

174 1625 219 1681 tim
237 1624 417 1700 dignoscitur.

213 1775 243 1836 B.
260 1791 461 1833 neruuorrorrn
477 1776 567 1834 Boiss.
587 1787 614 1834 et
627 1777 711 1835 Reut.
730 1777 819 1856 (Sect.
830 1778 1026 1856 Pappalosca.)

210 1924 243 1981 B.
262 1927 405 2003 perennis,
423 1925 495 1985 collo
517 1924 600 1984 fibras
626 1945 791 1985 numerosas
813 1927 933 1985 tenuiter
959 1929 1122 2006 cylindricas
1142 1932 1283 2009 elongatos

171 2027 316 2086 verticales
342 2029 445 2098 edenti,
474 2028 546 2086 toliis
572 2029 702 2087 omuibus
726 2029 890 2088 radicalibus
913 2033 1138 2091 ovato-rotundis
1159 2037 1283 2094 ovatisve

169 2131 227 2188 basi
246 2131 380 2189 truncatis
394 2129 602 2188 subcordatisve
620 2131 726 2189 obtusis
750 2131 848 2189 obtuso
868 2132 1000 2207 repandis
1018 2134 1107 2191 rarilrs
1122 2147 1149 2192 et
1165 2138 1283 2193 acutius-

173 2234 234 2292 culla
250 2232 479 2292 dentato-Iobatis
500 2233 696 2291 subtrinerviis
720 2233 819 2291 subtlrs
842 2234 961 2309 sparsim
981 2245 1008 2292 et
1029 2235 1160 2312 adpressb
1178 2238 1287 2296 birtulis

173 2339 298 2413 margine
314 2336 444 2396 ciliatulis
460 2335 488 2392 in
507 2335 641 2411 petiolum
659 2335 699 2394 eis
716 2336 872 2412 longiorem
889 2337 1023 2395 birtulum
1046 2341 1167 2416 superne
1187 2342 1287 2400 subdi-

173 2441 287 2498 latatum
300 2439 417 2516 abrupt'e
433 2438 611 2507 abeuntibus,
628 2439 719 2515 scapis
736 2438 799 2496 lolia
814 2439 902 2497 mutto
916 2441 1112 2516 superantibus
1123 2443 1289 2520 petiolisque

175 2543 354 2601 crassioribus
371 2542 435 2620 pilis
450 2543 549 2620 crispis
565 2541 680 2618 septatis
696 2541 759 2618 plus
776 2542 868 2599 minus
879 2541 1007 2611 hirsutis,
1024 2544 1151 2620 capitulis
1167 2547 1286 2619 anagnis,

179 2643 310 2701 involucri
337 2644 439 2722 phyllis
464 2644 552 2720 nigris
573 2643 867 2722 emptica-linearibus
882 2645 989 2702 obtusis
1013 2645 1119 2702 interne
1134 2648 1287 2721 praesertim

178 2744 367 2821 albo-pilosis,
386 2746 478 2823 ligulis
498 2747 568 2806 albis
586 2747 730 2805 involucro
755 2745 840 2823 duplb
861 2745 1044 2820 longioribus,
1067 2746 1198 2804 acbaeuiis
1213 2765 1288 2805 conr-

178 2851 282 2924 pressis
297 2851 694 2928 marginatisadprcssiusculb
711 2861 737 2909 et
760 2849 934 2927 longiuscule
952 2848 1066 2906 hirsutis
1088 2867 1179 2927 pappo
1199 2852 1288 2928 piloso

176 2953 340 3012 brevissime
358 2955 550 3014 coronaeiormi
565 2956 716 3032 superatis.

216 3059 386 3117 Doroaicum
405 3057 623 3136 retuvdifolium
646 3061 724 3120 Desl.
742 3059 797 3117 Ati.
819 3072 837 3115 t.
863 3057 922 3116 935
940 3056 1096 3134 (mala.)-
1114 3057 1234 3114 Bellium
1244 3079 1288 3115 ro-

176 3159 358 3238 tundifoliuvv
370 3161 431 3222 DC.
454 3161 592 3238 produ-
606 3161 730 3220 Bellium
746 3160 924 3239 cordifolium
937 3159 1051 3218 Kuuzel
1066 3162 1093 3217 in
1110 3161 1237 3220 Linuaaa.

215 3263 287 3320 Hab.
307 3263 334 3320 in
353 3263 468 3340 rupibus
484 3263 622 3323 umbrosis
641 3266 759 3324 Atlantis
783 3265 905 3344 (Desa),
931 3263 958 3320 in
975 3264 1060 3322 latere
1082 3265 1293 3339 septentrionali

175 3365 277 3423 mentis
292 3363 375 3423 Gebel
389 3365 479 3423 Sento
494 3375 521 3423 et
538 3366 723 3426 Sento-Crura
739 3369 825 3446 prop'e
839 3366 1028 3444 Oron(Boiss.
1041 3364 1153 3442 Retia),
1169 3365 1195 3422 in
1209 3387 1287 3425 men·

175 3468 249 3526 tibus
264 3470 348 3546 supra
363 3467 504 3544 Alpesiros
515 3469 723 3548 (Willkomm.,
740 3471 873 3548 beuter.)

215 3569 290 3626 Folia
312 3573 417 3648 majora
439 3571 530 3630 ta-tss
546 3573 632 3631 lineas
650 3573 733 3649 longa
748 3573 858 3648 lataque
870 3572 972 3649 petiole
981 3571 1039 3629 aa
1052 3571 1145 3648 pellic.
1164 3572 1291 3634 suffulta.

175 3670 254 3746 Srapi
282 3674 347 3748 ΡΙ,
362 3676 485 3751 pedales.
513 3675 640 3752 Capitula
672 3676 729 3734 ierb
750 3675 949 3751 magnitudinis
973 3693 1071 3732 eorum
1100 3675 1289 3736 Bellirliostri.

175 3775 271 3833 Planta
283 3776 418 3833 Atlantica
436 3787 464 3834 et
479 3777 628 3852 Hispanico
651 3775 776 3834 identicae
796 3784 862 3833 sunt
882 3785 909 3832 et
927 3775 1034 3852 species
1057 3777 1172 3833 omuino
1192 3776 1293 3834 Bellirli

174 3879 248 3955 juxta
265 3879 300 3935 B.
315 3876 500 3955 puppulosam
516 3895 567 3934 nee
584 3876 675 3935 Ballio
693 3878 737 3934 cui
757 3877 862 3934 tructus
878 3877 1073 3934 teretiusculus
1090 3879 1214 3953 squamis
1232 3879 1293 3936 latis

177 3983 346 4059 totidemque
361 3983 429 4040 setis
441 3982 641 4040 alternantibus
661 3990 811 4040 coronatus
830 3989 872 4038 est
888 3980 1093 4056 conjungenda.
1124 3980 1190 4035 lcen
1217 3980 1292 4034 Fon—

177 4086 272 4142 tanesii
293 4087 356 4145 lolia
373 4086 400 4143 in
421 4084 557 4162 petiolum
574 4084 656 4142 nimis
680 4092 821 4140 attenuata
845 4081 943 4156 ligulas
959 4082 1093 4153 oblongas
1115 4095 1176 4152 quae
1200 4085 1291 4134 autem

177 4206 306 4264 parares,
324 4190 459 4248 involucri
478 4186 573 4264 pbvlla
590 4187 671 4246 nimis
687 4196 766 4244 acuta
782 4183 902 4243 exbibet.
