3048 4780
698 351 744 416 te

158 495 238 550 doura
256 493 343 550 boiss.
361 511 421 568 quae
440 492 530 550 dill'ort
548 491 619 548 [olus
639 492 791 550 minoribus
816 490 979 548 radiculibus
1009 489 1090 546 etiarn
1113 487 1272 564 proluudis-

161 599 230 654 siutb
246 597 504 673 palmato-partitis,
523 597 621 672 petalis
637 596 742 654 iulcrnb
758 597 846 672 magis
863 595 1012 653 attenuatis
1030 604 1058 652 et
1071 593 1100 650 S.
1117 593 1276 670 Carpetana

163 702 193 756 B.
211 713 236 757 ot
253 699 288 760 R.
308 718 370 775 quae
384 699 466 756 babet
479 697 541 755 lolia
561 716 642 773 parva
660 697 903 756 ovato-rotundatu
919 715 974 755 uon
989 696 1099 754 cordata
1117 692 1218 771 petiole
1236 697 1275 754 cis

163 805 204 860 vix
222 803 341 879 longiori
365 802 476 859 dilatato
502 799 627 868 suffulta,
654 801 754 876 calycis
777 801 888 858 lacinias
907 800 1084 858 brevissimas
1101 800 1165 857 tubo
1186 789 1276 874 aequiss

162 906 272 963 louoas.

201 953 233 1064 lii
250 1009 321 1082 Voy.
339 1008 400 1064 Rot.
416 1005 483 1082 b'sp.
502 1006 577 1064 lcou.
595 1015 621 1063 et
636 1006 784 1083 descriptio
809 1005 839 1062 S.
866 1006 1024 1064 „druudouoe
1045 1025 1061 1064 e
1079 1006 1277 1083 speciminibus

163 1131 218 1170 uon
233 1112 301 1168 satis
315 1109 434 1166 evolutis
456 1117 522 1165 ortae
539 1119 619 1176 sunt3
641 1107 769 1184 panicula
790 1109 875 1185 hujus
893 1109 995 1184 speciei
1019 1107 1142 1184 prinrurn
1160 1109 1278 1187 capitata

164 1216 207 1263 ost
229 1203 339 1261 tandem
358 1201 440 1258 bifida
459 1200 612 1260 laxiuscula
630 1202 732 1270 evadit,
749 1203 840 1278 petala
862 1203 955 1280 calyce
979 1202 1092 1261 denium
1115 1203 1198 1280 duplb
1222 1204 1280 1261 lou-

164 1312 239 1384 giora
255 1319 319 1366 sunt
331 1324 382 1364 nec
398 1325 463 1364 eunr
476 1307 625 1382 aequantia.

202 1461 302 1519 Canon
316 1459 534 1518 Mruarrrurcuu
549 1457 640 1518 Roiss.
658 1469 685 1515 et
696 1457 780 1516 Reut.

205 1615 236 1669 C.
255 1612 393 1688 glabrum,
412 1610 501 1668 radice
522 1609 663 1676 tuberoni,
677 1609 857 1685 subglobosa,
873 1608 952 1666 caule
975 1610 1053 1666 tereti
1077 1607 1239 1667 duriuscule
1266 1631 1279 1666 o

164 1717 220 1774 basi
238 1714 342 1792 pluries
357 1728 384 1771 et
399 1713 611 1790 approxirnatinr
624 1712 783 1770 diclrotomo
803 1711 887 1768 ramis
904 1710 1072 1778 divaricatis,
1089 1711 1161 1769 loliis
1177 1712 1279 1769 radicu-

164 1820 235 1877 libus
262 1818 344 1893 longe
361 1816 500 1894 petiolatis
523 1815 688 1874 trilernatiur
708 1815 791 1872 sectis
807 1814 914 1872 laciniis
935 1812 1087 1872 linearibus
1103 1813 1280 1882 abbreviatis,

162 1921 279 1980 caulinis
302 1920 402 1994 vagina
426 1918 479 1976 lat‘e
499 1918 594 1975 lineari
619 1916 803 1975 insidentibus
828 1917 989 1975 bitoruatim
1004 1917 1087 1975 sectis
1103 1917 1146 1975 vel
1161 1919 1282 1994 pinnatis

163 2025 269 2082 laciniis
285 2023 367 2098 louge
381 2020 532 2078 linearibus
548 2022 574 2076 in
592 2037 754 2076 mucrouenr
770 2019 951 2087 abeuntibus
962 2019 1113 2077 involucris
1128 2021 1283 2078 involucel-

164 2126 254 2199 lisque
277 2121 329 2178 ab
352 2121 467 2198 phyllis,
491 2120 634 2197 pedicellis
657 2119 803 2178 lructileris
826 2121 870 2178 vix
885 2122 1043 2178 incrassatis
1059 2121 1280 2198 erecto-patulis,

164 2225 341 2302 carpophoro
363 2224 482 2282 indiviso
504 2224 711 2282 subincrassato
732 2223 895 2301 mericarpia
913 2223 1033 2282 breviter
1060 2223 1208 2302 cylindrica
1236 2227 1282 2282 in-

164 2347 248 2386 curva
270 2328 441 2404 sejungam,
474 2327 548 2402 jugis
574 2327 767 2384 crassiusculis
791 2326 1029 2402 prominentibus,
1058 2326 1126 2385 lobis
1151 2327 1281 2406 calycinis

167 2433 289 2490 breviter
303 2429 528 2498 dentilormibus‚
550 2428 691 2487 velleculis
709 2430 874 2498 uoluntatis,
891 2431 1054 2508 stylopodiis
1070 2432 1190 2490 breviter
1206 2433 1281 2489 coni-

164 2538 214 2602 cis,
231 2535 311 2612 stylis
328 2533 443 2592 deflexis
460 2532 617 2610 stylopodia
634 2550 689 2590 non
703 2532 911 2608 superantibus¹

205 2637 320 2692 liubin
337 2636 410 2710 agris
432 2636 610 2711 planitierum
634 2634 820 2694 adorientem
842 2635 918 2693 urbis
944 2635 1022 2692 Onon
1042 2635 1159 2692 sitarum
1173 2633 1278 2712 (Boiss.

168 2747 194 2793 et
209 2737 311 2811 Reut.)

205 2839 300 2895 Planta
317 2836 367 2894 6-9
386 2837 499 2914 pollices
520 2838 615 2914 longa,
640 2838 769 2898 umbella
786 2838 879 2896 tota
899 2837 1009 2896 radiatae
1024 2837 1107 2894 radiis
1125 2837 1182 2895 lorb
1198 2837 1281 2914 polli-

164 2941 284 3008 caribus,
312 2939 408 2997 radioli
435 2940 477 2996 vel
503 2939 632 3017 pedicelli
655 2959 752 3017 parum
777 2939 928 3016 inaequales
951 2936 1040 2996 lructu
1064 2937 1279 3016 subaequilongi,

164 3043 326 3119 mericarpia
343 3043 387 3100 vix
400 3043 602 3118 sesquilinoanr
616 3044 711 3118 longa.
732 3042 803 3100 Caro
821 3045 977 3100 incrassato
994 3043 1085 3101 Bniss.
1101 3043 1192 3101 affinis
1207 3045 1280 3119 quod

167 3145 260 3203 dillert
276 3147 379 3202 statura
405 3144 530 3212 elatiori,
555 3145 667 3202 radiolis
689 3146 836 3204 lruclileris
854 3157 882 3204 ut
906 3155 933 3203 el
954 3145 1110 3222 stylopodio
1133 3147 1212 3205 valde
1238 3147 1279 3203 in·

165 3249 294 3305 arassetis
309 3246 441 3304 stellatirn
457 3246 627 3322 patentibus,
644 3247 735 3306 lructu
751 3250 830 3307 tertia
845 3260 922 3326 parte
938 3249 1067 3324 longiori.
1089 3249 1191 3306 Corum
1207 3251 1281 3324 feru-

165 3349 297 3430 loefolium
313 3349 425 3426 longius
441 3348 534 3407 differt
554 3349 706 3408 involucris
727 3350 918 3429 oligoplryllis,
938 3352 1108 3427 urericarpiis
1130 3352 1277 3426 contiguis,

163 3453 327 3531 stylopodiis
342 3452 496 3528 depressis,
514 3460 566 3508 etc.

506 3600 713 3660 BALANSAEA
728 3600 819 3658 Boiss.
832 3611 859 3658 et
874 3600 959 3658 licut.

205 3758 301 3814 Flores
317 3753 549 3832 hermaphroditi.
568 3755 662 3811 Petale
678 3753 792 3810 eborata
813 3751 874 3808 alba
894 3748 1064 3822 emarginata
1081 3769 1144 3807 cunr
1161 3751 1280 3811 lucinula

165 3861 277 3919 iullexd.
294 3855 362 3932 Styli
377 3857 471 3914 erecti.
486 3856 606 3914 Fructus
621 3874 636 3912 a
651 3855 736 3912 latere
747 3871 937 3930 compressus,
963 3852 1126 3929 mericarpia
1143 3851 1281 3932 oblongo-

166 3965 293 4040 elongata
318 3959 441 4036 superne
463 3958 592 4034 elongata
618 3957 646 4014 in
668 3955 858 4035 stylopodiunr
884 3955 1013 4013 conicum
1035 3956 1193 4028 elongatum
1208 3956 1280 4032 stylo

167 4077 240 4123 recto
257 4064 437 4124 terminatum
453 4059 592 4120 abeuntia.
610 4061 682 4136 Juga
702 4059 826 4136 utrinque
848 4057 985 4116 fililorntia
1006 4059 1190 4136 prominentia
1205 4067 1278 4115 exto-

167 4168 237 4224 riora
255 4166 448 4243 marginantia.
461 4163 541 4224 Vittac
559 4161 629 4221 inter
645 4163 710 4239 juga
724 4161 854 4221 solitariae
864 4160 1029 4228 latuscula,
1048 4159 1129 4216 lacios
1145 4160 1277 4218 columis-

1131 4278 1138 4312 l
