3120 4772
733 347 778 411 89

200 484 316 558 longiori
333 487 445 544 lloribus
461 489 516 544 lere
531 487 644 543 11333113
661 487 824 544 minoribus.
842 487 940 545 Albnis
956 507 1066 564 quoque
1083 489 1113 545 L.
1135 490 1310 548 Broussone·

201 589 235 641 tii
253 587 338 644 Cbov.
357 609 417 665 quae
433 590 557 646 habitum
574 589 702 645 ourmleiu
716 590 855 667 lloresque
874 592 999 666 ejusdem
1018 593 1073 650 lere
1089 594 1190 651 coloris
1203 597 1311 670 magni-

202 690 357 765 tudinisque
374 693 456 747 babet
473 692 520 748 scil
534 691 621 748 calcar
638 691 774 748 rubellum
796 695 876 750 etiam
895 696 982 769 magis
999 705 1172 753 attenuatum
1187 698 1311 754 semina-

200 793 404 866 qnediscoidea
425 793 535 868 quidem
559 794 606 849 setl
634 793 806 868 planiusc'ula
834 796 1003 852 tuberculata
1031 798 1155 871 margine
1178 816 1232 852 non
1256 798 1310 853 lato

199 915 322 952 convexo
340 900 412 953 tenui
429 899 478 954 secl
495 898 693 972 angustissimo
711 898 861 955 subinllato
876 899 924 976 [en
941 900 1091 977 beurretct)
1103 903 1280 958 circumdata.

241 999 311 1056 Huic
324 1001 354 1056 L.
377 1000 573 1056 Broussonetli
588 998 621 1055 ab
633 1000 714 1056 amic.
732 1001 803 1076 prol.
823 1000 940 1075 llloquin
952 1020 985 1058 ex
1001 1002 1199 1077 speciminibus
1215 1003 1312 1060 arche·

203 1104 274 1179 typis
290 1103 392 1160 Poireti
408 1103 512 1160 collatae
529 1102 689 1160 associanda
705 1103 736 1158 L.
757 1105 897 1178 r'pnesoens
916 1104 1011 1160 llunze
1034 1115 1060 1158 et
1075 1103 1228 1178 specimina
1245 1123 1260 1161 a
1274 1106 1311 1162 cl.

201 1207 347 1282 bourgeau
362 1225 434 1263 auno
448 1204 522 1263 t8t9
534 1225 566 1263 ex
576 1206 678 1262 Puerto
696 1207 785 1262 Sento
801 1206 895 1262 Morio
907 1208 938 1262 n⁰
948 1205 1006 1264 369
1023 1205 1074 1263 sub
1087 1205 1117 1265 L.
1130 1205 1315 1282 amethystina

202 1309 356 1366 distributa.

242 1409 682 1487 1133313331113333131313311
703 1423 729 1468 et
749 1410 867 1479 Hoffm,
892 1412 946 1468 tab.
966 1409 1208 1489 laureatum.
1233 1431 1316 1487 quom

202 1537 233 1574 ex
249 1517 447 1592 speciminibus
459 1517 518 1574 3511
533 1527 558 1572 31
575 1514 632 1574 att
656 1517 823 1573 hl'eliritcliii
840 1517 874 1573 lt.
895 1517 985 1574 Lusit.
1007 1517 1118 1574 Contin.
1137 1536 1211 1574 nunc
1233 1519 1316 1574 novi-

204 1639 264 1677 mus
282 1621 312 1674 L.
334 1620 527 1676 Broussonetii
550 1619 754 1675 characteribus
777 1630 803 1674 et
827 1620 965 1676 seminum
993 1624 1132 1677 structurh
1149 1621 1240 1678 allinis
1263 1622 1316 1676 dil-

203 1725 255 1780 lert
272 1723 386 1780 {loribus
410 1722 569 1797 majoribus,
593 1721 698 1777 calcare
725 1721 859 1794 longiore,
884 1720 987 1778 corollal
1002 1721 1125 1777 vitallinal
1142 1722 1174 1777 ad
1197 1722 1316 1796 palatum

204 1826 397 1882 convertionem
416 1823 525 1899 punctis
541 1821 617 1878 8-to
634 1825 736 1889 notata,
760 1822 913 1880 seminibus
930 1821 1080 1898 majoribus
1094 1823 1217 1899 margine
1235 1825 1317 1881 turni·

204 1930 285 1988 diori.

244 2031 287 2087 Cl.
307 2042 334 2086 et
351 2031 472 2086 amiciss.
492 2029 628 2086 Rentham
655 2031 680 2085 in
699 2029 850 2086 Prodromo
868 2029 1055 2085 Candolleano
1078 2028 1318 2087 1333311333

204 2135 294 2191 Boiss.
309 2133 430 2209 plantam
447 2132 567 2208 alpinam
583 2133 635 2189 sub
652 2134 682 2187 L.
701 2130 907 2209 polyqonifoliol
931 2133 1003 2189 Poir.
1029 2134 1103 2189 citat.
1129 2133 1194 2191 llaec
1218 2134 1249 2189 L.
1269 2152 1320 2210 po-

207 2235 375 2312 lyqonisolia
401 2254 433 2292 ex
458 2236 659 2311 speciminibus
686 2236 756 2311 ipsis
780 2234 859 2291 herb.
883 2234 1029 2290 Poiretiani
1049 2234 1127 2292 nobis
1144 2236 1320 2313 331333113-

205 2341 315 2397 sissima
338 2340 368 2394 L.
394 2337 560 2413 amethyston
582 2338 654 2395 Ltnt
673 2349 699 2395 et
723 2337 842 2405 Hoffm,
861 2338 915 2398 tab.
933 2337 983 2406 h'l,
1002 2336 1118 2395 Brotero
1141 2339 1237 2417 elye,
1264 2339 1318 2396 tab.

208 2442 276 2511 137,
297 2441 387 2499 Boiss.
415 2443 484 2517 Voy.
509 2441 568 2497 Bot.
595 2439 661 2516 Esp.
687 2440 713 2495 in
738 2440 864 2497 arenosis
888 2439 1057 2498 Gibraltariae
1083 2440 1318 2515 frequentissima,

207 2558 235 2602 ot
251 2547 294 2601 cui
314 2545 343 2599 L.
364 2545 528 2620 hipunctota
544 2544 610 2602 Cav.
627 2544 649 2610 l,
670 2542 723 2599 tab.
741 2541 791 2610 33,
804 2561 836 2600 ex
851 2543 985 2618 Hispaniis
1000 2543 1123 2599 interiori
1142 2550 1169 2597 et
1182 2540 1248 2597 locis
1266 2560 1322 2598 non

207 2649 351 2704 maritimis
371 2647 486 2702 oriunda
502 2657 531 2701 ut
549 2647 665 2702 varietas
681 2645 752 2702 loliis
768 2646 894 2719 angustis
910 2644 1071 2702 associanda
1085 2654 1138 2700 est.

247 2751 275 2808 L.
296 2749 399 2824 spicato
421 2748 515 2804 Kuiize
538 2746 634 2802 Chlor.
662 2746 742 2820 Hisp.
766 2764 798 2802 ex
825 2747 978 2820 specimine
1000 2746 1033 2802 ab
1059 2745 1182 2803 amiciss.
1209 2753 1322 2803 auctore

208 2856 293 2912 misso
309 2865 351 2909 est
367 2851 505 2926 ipsissima
522 2850 551 2906 L.
575 2847 742 2905 Sulzntanni
758 2868 813 2905 var.
828 2847 904 2924 11333
920 2849 1009 2905 Boiss.
1026 2850 1096 2926 Voy.
1116 2849 1180 2925 Esp.

248 3008 366 3065 Limum
383 3009 536 3065 blesorum
560 2977 697 3060 Bnissset
721 3002 805 3060 Reut.
825 3001 914 3078 (Seet.
933 3001 1144 3059 Linoriostrom
1160 2999 1241 3060 Subs.
1265 3001 1323 3056 Su-

205 3111 305 3189 pluer).

249 3265 283 3322 L.
302 3278 394 3318 annue
412 3258 576 3334 glaberrima
597 3255 777 3330 glaucescens
793 3255 971 3318 multicaulis,
988 3256 1113 3314 caulibus
1130 3259 1228 3314 erectis
1244 3259 1323 3314 nanis

209 3367 327 3443 sparsim
341 3361 458 3429 foliosis,
476 3359 547 3416 loliis
563 3357 681 3434 anguste
703 3355 852 3413 linearibus
875 3355 1052 3413 surculorum
1068 3356 1204 3412 sterilium
1222 3355 1324 3412 abbre-

197 3473 345 3527 ·viatorum
369 3463 550 3530 tenuioribus,
569 3478 677 3518 racemo
696 3458 832 3516 terminali
852 3457 901 3516 5-h
917 3458 987 3515 [lero
1013 3458 1134 3516 llorilero
1151 3456 1323 3533 subcapitate

211 3574 350 3631 fructifero
369 3568 534 3635 laxinseulo,
555 3564 698 3642 pedieellis
715 3563 817 3622 strictis
835 3561 1323 3637 13133133113333133133333333313-

211 3696 264 3753 que
279 3674 461 3738 brevioribus,
477 3671 591 3727 lloribus
607 3670 741 3736 minimis,
760 3667 860 3744 calycis
883 3665 1040 3742 glaberrimi
1060 3664 1165 3723 laciniis
1183 3666 1321 3742 elliptico-

211 3777 361 3838 linearibus
382 3773 572 3839 aoutiusculis,
593 3773 696 3829 corella
719 3774 788 3830 llavh
809 3771 899 3848 palato
913 3769 1072 3827 aurantiaco
1088 3770 1198 3838 villose,
1216 3768 1322 3826 calcare

213 3890 287 3940 recto
313 3877 415 3934 corottt
442 3875 571 3950 longiori,
597 3875 751 3930 seminibus
782 3876 873 3950 parvis
902 3874 1029 3930 concavis
1055 3871 1130 3930 disco
1157 3873 1323 3948 nigrescenti

213 3985 292 4061 parc‘e
312 3978 482 4038 tuberculato
498 3975 621 4050 margine
637 3976 699 4032 albo
715 3987 843 4050 anguste.

252 4089 322 4145 llab.
340 4086 374 4142 ad
393 4083 453 4139 Sidi
470 4081 530 4136 Bou
549 4079 633 4153 Hoya
648 4078 674 4134 in
694 4077 796 4134 ditione
818 4078 988 4136 Ghummora
1009 4079 1043 4136 ad
1058 4080 1229 4137 occidentem
1248 4075 1323 4135 urbis

218 4190 352 4246 Oronubi
367 4181 525 4245 33331851
543 4181 644 4238 detexit
661 4179 696 4237 cl.
711 4190 737 4236 et
753 4179 834 4237 amic.
850 4180 967 4256 blunby.

1131 4280 1167 4337 11
