3048 4780
785 330 828 393 12

240 475 291 534 bus
305 475 347 533 vel
360 473 473 532 rubellis
492 472 608 549 anguste
629 471 875 546 albomarginatis,
889 472 987 548 petalis
1005 472 1121 530 lilacinis
1139 482 1226 529 exter.
1246 471 1359 529 rarlian-

240 579 322 647 tibus,
346 575 488 655 pedicellis
512 575 658 633 fructiferis
686 576 833 632 contractis
850 573 1013 651 puberuliS,
1043 575 1224 634 exterioribus
1254 575 1361 633 siliculb

241 680 324 759 paule
340 681 524 758 longioribus,
548 678 664 737 siliculae
676 678 777 755 glabrae
794 677 921 756 ellipticae
939 678 1054 738 virentis
1069 679 1192 756 superne
1208 678 1362 736 violascen-

243 787 277 843 tis
301 783 351 842 alis
381 803 397 842 a
421 783 512 843 medio
532 782 649 842 siliculae
665 783 772 842 interno
796 781 920 840 evanidis
940 783 967 839 in
990 781 1068 841 lobos
1098 783 1197 841 breves
1222 783 1286 840 sinu
1305 783 1362 840 lere

243 887 403 966 roetangulo
416 887 581 946 brevissimo
592 888 734 964 sejunctos
746 887 849 964 saepius
861 885 975 945 obtusos
987 887 1075 945 rarius
1092 897 1187 945 acutos
1205 886 1359 963 productis,

244 993 316 1071 stylo
330 994 380 1052 alis
394 993 481 1052 multb
498 993 627 1070 longiori.

284 1099 308 1153 Ι.
322 1117 399 1154 nuno
412 1096 503 1155 Boiss.
518 1095 589 1174 Voy.
604 1097 665 1155 Bot.
683 1097 749 1174 Esp.
769 1115 798 1174 p.
815 1097 852 1155 δά
866 1106 893 1156 et
906 1096 966 1156 'll9
982 1116 1038 1156 non
1053 1099 1108 1162 All.

283 1200 354 1258 llab.
379 1201 406 1257 in
430 1198 542 1276 regione
564 1198 656 1276 ulpiml
681 1199 759 1276 regni
781 1198 960 1258 Granatensis
986 1197 1084 1258 Sierru
1112 1199 1236 1268 Neoodo,
1262 1200 1364 1260 Sierra

249 1303 346 1381 Tojerlo
360 1303 485 1383 (Beiss.)
509 1305 535 1361 in
556 1303 699 1361 cacumine
725 1301 822 1360 Siarro
838 1302 870 1359 de
889 1301 916 1359 lo
938 1302 1019 1362 Nirea
1032 1301 1197 1381 (Bourgeau
1214 1318 1247 1361 n⁰
1263 1303 1300 1361 st
1322 1303 1360 1380 pl.

244 1407 324 1484 Hisp.
345 1405 438 1474 term
454 1406 544 1464 Boiss.
563 1415 591 1463 et
606 1403 708 1482 licut.)

285 1509 386 1567 Caules
411 1508 471 1579 3-8,
490 1509 539 1567 Ἠ
558 1508 648 1568 raribs
664 1508 714 1567 t-'t
737 1509 894 1586 pollicarcs,
912 1509 976 1566 lolia
992 1509 1122 1568 inferiora
1136 1509 1185 1567 3-4
1205 1510 1292 1569 lineas
1311 1511 1365 1568 dia-

246 1622 333 1669 metro
356 1611 419 1679 lata,
443 1609 525 1669 llores
548 1610 746 1688 magnitudinis
768 1629 865 1670 eorum
883 1610 908 1670 l.
934 1609 1075 1689 linisotr'ae,
1103 1611 1210 1670 silicula
1228 1630 1292 1671 cum
1312 1613 1365 1670 alis

245 1713 314 1790 W,
327 1714 376 1772 lin.
400 1715 464 1773 circ.
482 1715 574 1793 longa.
601 1715 713 1794 Species
736 1717 763 1773 in
780 1733 865 1793 opere
891 1716 973 1773 citato
992 1716 1139 1792 conjuncta
1161 1733 1225 1773 cum
1244 1717 1266 1773 l.
1288 1719 1366 1774 nond

243 1819 297 1878 rlll.
315 1821 397 1896 aqut
418 1819 454 1877 cl.
476 1818 581 1878 Jonlan
605 1838 679 1877 nunc
702 1830 730 1876 ut
751 1819 859 1896 species
878 1817 1021 1876 distinctas
1044 1817 1068 1876 Ι.
1097 1817 1316 1876 Condolleonom
1338 1831 1367 1876 ct

247 1921 271 1976 l.
289 1922 452 1979 ,torosiourn
469 1921 534 1981 vitt.
558 1931 679 1998 separat,
705 1939 767 1998 quae
786 1939 885 1979 omnes
909 1939 923 1978 e
943 1920 1035 1997 planta
1052 1921 1216 1980 Granatensi
1238 1921 1367 1999 glabritie

245 2024 307 2091 sua,
320 2021 392 2080 loliis
402 2021 466 2100 plus
478 2023 571 2081 minus
582 2023 712 2092 dentatis,
728 2023 831 2101 sepelis
844 2023 896 2082 late
912 2023 1143 2092 membranaceis,
1163 2022 1279 2084 siliculae
1296 2025 1366 2082 lobis

247 2124 426 2195 acutioribus,
440 2127 645 2202 emarginaturt
657 2126 795 2202 terminali
807 2126 955 2204 protunda,
964 2126 1037 2205 stylo
1047 2127 1135 2186 multb
1151 2127 1245 2184 minus
1256 2139 1366 2186 exserto

247 2227 325 2285 lacilb
347 2228 547 2305 distinguntur.
569 2231 593 2286 l.
624 2231 783 2304 loposconu
809 2229 869 2288 DC.
894 2248 1007 2308 quoque
1036 2229 1172 2307 puberula
1199 2228 1283 2288 habet
1304 2231 1370 2288 lolia

246 2331 308 2406 plls
325 2330 419 2390 minbs
434 2331 555 2401 dentata,
574 2331 663 2409 petala
681 2334 817 2392 exteriora
832 2333 997 2410 longissime
1009 2333 1156 2404 radiantia,
1177 2332 1236 2392 alas
1251 2334 1369 2393 siliculae

250 2434 319 2491 inira
341 2435 403 2511 ejus
419 2434 538 2492 mediam
553 2444 661 2512 partem
681 2437 830 2513 productas
851 2437 879 2494 in
901 2435 980 2494 lobes
1001 2436 1089 2494 multb
1109 2436 1253 2513 longiores
1273 2445 1369 2495 acutos

247 2537 393 2608 abeuntes,
418 2537 523 2616 stylum
544 2537 623 2597 lobos
643 2539 688 2598 vix
704 2548 896 2616 superantem.
914 2538 1010 2596 Planta
1033 2539 1184 2616 Pyrenaicu
1205 2539 1325 2617 deniqu'o
1340 2540 1368 2596 in

246 2639 317 2717 Voy.
337 2641 399 2704 Bet.
417 2661 445 2718 p.
459 2639 518 2698 'll9
532 2640 613 2699 citata
628 2641 768 2719 propriam
784 2642 907 2718 speciem
921 2641 995 2699 sistit
1014 2642 1054 2700 sic
1069 2639 1267 2700 deliniendam.

287 2794 310 2850 l.
329 2795 628 2854 Baurnnuraualloiss.
648 2805 675 2854 ct
692 2795 775 2854 Reut.

289 2944 311 3005 Ι,
329 2963 431 3013 annua,
449 2955 504 3002 tota
520 2947 583 3023 pilis
596 2948 775 3023 pupillaribus
793 2949 923 3006 brevibus
942 2947 1089 3026 puberula,
1108 2948 1186 3005 caulo
1209 2965 1281 3006 nano
1306 2949 1370 3007 sirn-

249 3048 312 3123 plici
326 3047 369 3104 vel
386 3047 508 3124 supern'e
530 3047 815 3117 umbellam-ramoso,
832 3049 904 3107 loliis
922 3049 1100 3107 inferioribus
1123 3047 1370 3126 oblongo-spathu-

250 3151 322 3220 lutis,
346 3151 453 3210 crateris
475 3151 594 3228 angustio
610 3151 888 3230 lineari-spatlrulatis
910 3154 937 3209 in
960 3151 1094 3229 petiolum
1118 3150 1201 3227 longe
1221 3152 1370 3209 attenuatis

250 3255 357 3313 obtusis
374 3255 471 3313 obtus‘e
491 3266 518 3313 et
532 3256 614 3331 parcb
636 3255 868 3325 lebate-dentatis,
892 3256 989 3333 petalis
1008 3255 1098 3314 reseis
1110 3254 1294 3313 exterioribus
1312 3272 1371 3312 mo-

250 3359 309 3418 rlicb
322 3359 502 3428 radiantibus,
517 3359 658 3438 pedicellis
676 3360 822 3420 lruetiieris
842 3360 886 3418 vix
905 3360 1065 3418 incrassatis
1080 3357 1371 3436 patule-recurvis,si·

249 3463 339 3519 liculis
351 3463 443 3538 parvis
454 3463 672 3522 ovato-rotundis
684 3463 838 3540 puberulis,
851 3463 903 3520 alis
918 3461 1126 3538 angustissimis
1140 3461 1264 3537 superne
1285 3462 1314 3518 in
1331 3459 1371 3517 lo-

251 3566 301 3623 bos
321 3564 341 3622 2
363 3565 461 3624 breves
479 3576 574 3623 acutos
590 3565 785 3641 inconspicues
805 3564 982 3631 abeuntibus,
1006 3563 1079 3642 stylo
1108 3581 1141 3622 ox
1164 3564 1369 3641 emarginaiura

253 3667 367 3726 siliculae
382 3668 465 3745 long‘e
479 3677 599 3728 exserte.

292 3770 362 3828 llab.
382 3772 409 3828 in
424 3770 555 3828 caleareis
572 3771 761 3848 Pyrenoorum
779 3769 989 3829 occidentalium
1008 3771 1092 3846 supra
1110 3768 1147 3826 tes
1166 3769 1249 3827 Eous
1269 3770 1368 3825 leones

253 3875 298 3932 ubi
314 3874 380 3950 legit
401 3875 436 3931 cl.
455 3873 603 3931 Beutham.

291 3979 472 4054 llaecspocios
483 3977 537 4052 jam
550 3976 612 4033 autb
621 3977 716 4034 docem
729 3995 816 4033 annos
827 3976 894 4034 milri
906 3996 920 4033 a
934 3976 968 4036 cl.
983 3975 1121 4034 llcntliam
1132 3986 1160 4032 ut
1176 3975 1285 4051 specics
1297 3991 1369 4030 nora

255 4080 369 4140 indicato
387 4081 419 4138 nb
436 4083 460 4137 I.
485 4079 663 4146 tiroootcnsi,
687 4079 776 4137 radico
792 4082 893 4148 nrrrrub,
923 4081 994 4139 loliis
1011 4081 1129 4139 dentatis
1152 4075 1268 4134 caulinis
1287 4076 1368 4152 leuge

254 4179 398 4260 petiolatis¹
414 4184 528 4243 siliculae
546 4183 659 4241 mineris
671 4182 823 4242 rotunrlutrr
837 4181 905 4241 iobis
919 4183 1048 4241 brevibus
1070 4181 1125 4238 lere
1148 4179 1297 4256 contiguis,
1322 4199 1368 4256 po·
