3048 4780
792 339 836 402 36

256 477 315 535 lert.
339 479 370 531 Λ.
399 477 549 534 Webbt'onu
563 479 606 534 cui
628 481 715 552 magis
732 477 823 534 allinis
846 487 889 534 cst
912 477 1004 533 dillert
1025 477 1188 532 indumento
1207 471 1367 528 sericeo-ar·

253 587 366 651 genteo,
384 578 483 635 loliolis
501 578 719 655 subaequalibus,
736 579 861 637 caulibus
876 577 1053 638 abbreviatis.
1073 574 1129 634 l-2
1142 571 1277 650 cephalis,
1293 570 1368 646 capi-

255 679 319 737 tulis
335 679 420 756 duplb
438 680 599 758 majoribus.

294 833 454 888 Ancarius
471 846 581 889 atsrrm
596 831 687 890 Boiss.
707 840 735 888 et
751 829 834 889 licut.

293 984 328 1041 Α.
352 981 483 1057 perennis
505 980 563 1039 basi
579 981 781 1040 sullrutescens
798 991 851 1038 tota
868 980 931 1056 pilis
948 979 1037 1055 longis
1049 977 1150 1055 patulis
1165 975 1235 1034 albis
1247 974 1367 1051 hispida,

254 1083 378 1141 caulibus
393 1084 493 1142 erectis
512 1085 678 1143 abbreviatis
698 1085 804 1142 inferne
820 1082 925 1141 foliosis
941 1083 969 1140 in
992 1080 1045 1140 bb
1055 1078 1173 1157 capitula
1188 1077 1367 1146 abeuntibus,

254 1184 309 1242 lolii
330 1185 377 1242 ab
396 1185 454 1262 jugi
470 1186 570 1244 foliolis
587 1186 716 1264 ellipticis
733 1185 776 1244 vel
801 1187 889 1243 ovatis
911 1185 1018 1243 obtusis
1041 1183 1084 1241 vel
1107 1180 1290 1240 acutiusculis
1314 1190 1369 1238 tar·

254 1288 349 1344 minali
373 1288 531 1347 lateralibus
550 1292 611 1347 raro
632 1301 660 1346 et
673 1289 719 1347 vix
734 1289 842 1365 majori,
859 1286 994 1345 involucri
1010 1284 1117 1342 laciniis
1138 1282 1290 1341 linearibus
1304 1297 1369 1338 acu·

255 1391 289 1447 tis
301 1390 451 1466 capitulum
468 1391 655 1467 aequantibus,
672 1391 773 1468 calycis
794 1386 1068 1464 oblongo-cylindrici
1090 1387 1168 1462 apice
1185 1383 1284 1442 robelli
1301 1401 1370 1442 con·

252 1493 338 1550 stricti
354 1493 425 1549 labio
437 1493 574 1568 superiori
590 1493 709 1568 longiori
727 1492 847 1550 breviat
866 1493 946 1549 acuta
970 1489 1062 1548 bilobo
1084 1489 1222 1546 inlerioris
1240 1487 1370 1545 dentibus

253 1596 330 1672 apice
351 1597 479 1665 aetnaeis,
499 1596 602 1654 corolla
623 1597 775 1673 purpurea,
800 1594 891 1654 vexilli
910 1611 1003 1670 ungue
1016 1593 1183 1651 vixexserto
1198 1592 1226 1648 in
1238 1591 1370 1650 laminam

254 1698 403 1774 oblongam
423 1699 482 1757 basi
498 1699 830 1758 cordato-biauriculatam
846 1699 951 1758 sensim
968 1697 1094 1766 dilatato,
1117 1696 1258 1774 legumine
1282 1696 1371 1774 stipiti

253 1800 374 1878 capillari
391 1802 415 1858 ei
432 1802 590 1879 aequilongo
611 1801 722 1878 oblique
737 1801 837 1860 adnato
857 1810 938 1860 orato
956 1800 1033 1877 apice
1049 1799 1199 1858 lateraliter
1214 1815 1371 1857 mucronu-

253 1903 307 1960 lato
327 1902 433 1978 glabro.

293 2005 363 2064 Hab.
381 2005 410 2063 in
428 2017 524 2064 monte
543 2006 642 2064 Sierru
659 2005 759 2084 Tejedu
774 2006 801 2063 in
816 2005 917 2082 apricis
931 2005 1025 2063 latoris
1041 2001 1230 2061 meridionalis
1249 2001 1370 2060 mediam

252 2108 426 2168 altitudinem
446 2111 554 2168 versbs.
571 2111 678 2188 (Boiss.
696 2107 803 2188 lssbl.)

294 2211 407 2288 Species
428 2230 442 2270 a
464 2211 543 2270 nobis
559 2212 771 2270 subdubitanter
789 2212 929 2289 proposita
944 2211 992 2269 sed
1013 2227 1063 2267 nec
1075 2208 1108 2267 ad
1126 2211 1159 2269 A.
1178 2207 1371 2268 vulnerarium

253 2333 305 2374 nac
319 2316 352 2373 ad
368 2317 402 2374 A.
422 2315 600 2374 Webbionum
612 2317 684 2374 inter
695 2335 764 2392 quas
774 2317 989 2374 intermediaest
1002 2315 1080 2372 lacilb
1091 2312 1244 2372 referenda.
1261 2311 1370 2370 Foliola

252 2413 309 2470 5-6
321 2415 408 2473 lineas
424 2415 505 2491 longa
524 2416 582 2475 Ἠ
604 2416 656 2473 lata
675 2417 819 2493 multijuga
841 2416 914 2474 inter
932 2435 963 2474 se
980 2417 1078 2492 panim
1096 2427 1123 2473 et
1145 2415 1221 2492 saepe
1237 2415 1282 2474 vix
1298 2414 1370 2476 inae·

253 2517 356 2593 qualia,
373 2519 568 2576 indumentum
579 2519 658 2577 valdb
670 2518 807 2594 patulum,
817 2517 937 2575 caulium
950 2517 1023 2575 basis
1035 2517 1278 2582 sullrutesconsil,
1291 2533 1372 2574 mon·

252 2632 346 2678 tonum
359 2621 462 2700 calycis
477 2623 617 2680 structura
633 2621 852 2680 diversissimam
870 2620 984 2678 omnino
999 2621 1133 2678 referunt
1150 2619 1258 2697 Calpcis
1270 2619 1371 2678 dentes

252 2725 408 2794 inleriores,
435 2727 584 2803 leguminis
601 2729 687 2805 stipes
708 2728 748 2786 eis
764 2729 798 2786 A.
818 2725 987 2786 vulneratio
1001 2736 1029 2786 et
1052 2726 1211 2785 Webbt'uuto
1227 2727 1371 2802 longiores

253 2837 328 2884 sunt.
347 2827 408 2884 Hbc
422 2841 548 2904 spectare
571 2829 681 2886 videtur
703 2831 737 2890 A.
761 2827 923 2888 otrlnerort'u
944 2848 1000 2889 rar.
1027 2828 1193 2887 Giennensis
1215 2829 1316 2887 Webb.
1340 2839 1371 2886 ot

252 2928 347 2985 Heldr.
370 2931 397 2986 in
413 2931 452 3003 pl.
468 2931 569 2987 Blanco
585 2932 701 2989 Murcia.
722 2949 755 2988 ex
770 2933 886 3007 specim.
903 2931 1070 3008 incomploto
1081 2932 1161 2990 nobis
1172 2940 1367 2990 tantumncta.

291 3027 361 3086 obs.
377 3029 412 3088 Α.
426 3029 650 3104 onobrpcltioides
668 3030 736 3089 Cav.
763 3031 834 3088 icon.
863 3031 918 3090 tab,
944 3031 1012 3100 150,
1033 3051 1095 3108 quae
1110 3051 1124 3088 a
1142 3034 1178 3094 cl.
1198 3033 1286 3092 Moris
1300 3043 1328 3092 ot
1353 3053 1369 3092 a

255 3129 392 3188 Boissicro
408 3131 433 3188 in
448 3132 519 3210 Voy.
536 3132 593 3194 bot.
607 3151 639 3191 ex
655 3133 734 3190 icone
749 3133 841 3191 solbm
853 3145 917 3192 nota
933 3135 968 3193 ad
983 3135 1178 3214 Dorpcnopsin
1192 3135 1313 3195 Gerordi
1324 3154 1369 3194 re·

254 3233 307 3291 latu
324 3235 424 3305 luerat,
437 3248 480 3294 est
493 3237 601 3313 species
618 3239 727 3314 propria
739 3239 772 3297 ab
783 3241 814 3297 erl
823 3239 951 3317 specifice
962 3241 1086 3300 caulibus
1098 3243 1197 3300 erectis
1209 3241 1267 3300 basi
1280 3241 1368 3318 ligno·

252 3337 290 3395 sis
305 3337 475 3416 floribusque
490 3339 572 3399 luteis
586 3342 696 3400 diversa
711 3353 739 3401 et
753 3343 869 3420 insuper
882 3362 947 3401 vera
962 3343 1103 3420 anthyllis
1119 3346 1152 3403 ob
1174 3345 1293 3404 stamina
1308 3363 1368 3403 mo·

251 3439 387 3518 nadelpha
405 3461 456 3501 nec
476 3443 633 3520 diadelpha.
655 3445 696 3504 Ad
718 3447 791 3504 hanc
811 3455 939 3522 spectant
953 3448 1105 3523 specimina
1128 3466 1246 3525 arogno
1263 3449 1370 3508 laena

250 3541 286 3600 cl.
304 3543 405 3603 Blanco
421 3546 473 3604 sub
488 3561 521 3603 n0
537 3545 595 3604 356
614 3558 641 3605 et
657 3567 671 3604 a
687 3549 723 3608 cl.
743 3549 890 3626 Bourgaau
905 3567 920 3606 e
936 3567 1023 3626 regno
1044 3550 1167 3610 Murcico
1184 3551 1238 3609 sub
1254 3552 1288 3610 n⁰
1309 3550 1370 3610 624

252 3644 407 3706 distributa.

290 3805 385 3863 Loros
403 3821 563 3862 catarosus
581 3805 710 3864 linisset
725 3806 810 3865 Reut.

289 3953 325 4014 L.
349 3955 481 4030 perennis
497 3955 621 4015 caulibus
639 3956 696 4014 basi
722 3956 856 4015 induratis
872 3959 1017 4033 prostratis
1034 3957 1098 4034 plus
1120 3959 1214 4016 minias
1228 3957 1367 4034 elongatis

251 4057 380 4116 tenuibus
395 4058 513 4134 anguste
528 4057 674 4129 fistulosis,
696 4059 769 4118 loliis
794 4060 896 4136 petiolo
919 4059 1094 4136 planiusculo
1115 4061 1217 4122 foliolis
1240 4060 1366 4120 obovatis

249 4161 366 4220 breviori
388 4160 521 4233 sullultis,
544 4163 653 4240 stipulis
677 4163 777 4226 foliolis
800 4163 1003 4235 subsimilibus,
1030 4165 1144 4224 floribus
1165 4164 1297 4225 solitariis
1321 4164 1365 4224 val
