<?xml version="1.0" encoding="UTF-8"?>
<!DOCTYPE html PUBLIC "-//W3C//DTD XHTML 1.0 Transitional//EN"
    "http://www.w3.org/TR/xhtml1/DTD/xhtml1-transitional.dtd">
<html xmlns="http://www.w3.org/1999/xhtml" xml:lang="en" lang="en">
 <head>
  <title>
</title>
<meta http-equiv="Content-Type" content="text/html;charset=utf-8" />
  <meta name='ocr-system' content='tesseract 3.04.00' />
  <meta name='ocr-capabilities' content='ocr_page ocr_carea ocr_par ocr_line ocrx_word'/>
</head>
<body>
  <div class='ocr_page' id='page_1' title='image "./pugillusplantar00boisgoog_0009.png"; bbox 0 0 3048 4780; ppageno 0'>
   <div class='ocr_carea' id='block_1_1' title="bbox 760 339 782 402">
    <p class='ocr_par' dir='ltr' id='par_1_1' title="bbox 760 339 782 402">
     <span class='ocr_line' id='line_1_1' title="bbox 760 339 782 402; baseline 0 -14"><span class='ocrx_word' id='word_1_1' title='bbox 760 339 782 402; x_wconf 68' lang='lat' dir='ltr'>l.</span> 
     </span>
    </p>
   </div>
   <div class='ocr_carea' id='block_1_2' title="bbox 217 481 1338 1902">
    <p class='ocr_par' dir='ltr' id='par_1_2' title="bbox 217 481 1332 666">
     <span class='ocr_line' id='line_1_2' title="bbox 257 481 1332 560; baseline -0.001 -20"><span class='ocrx_word' id='word_1_2' title='bbox 257 483 327 541; x_wconf 89' lang='lat' dir='ltr'>llnb.</span> <span class='ocrx_word' id='word_1_3' title='bbox 358 483 385 538; x_wconf 92' lang='lat' dir='ltr'>in</span> <span class='ocrx_word' id='word_1_4' title='bbox 417 481 530 558; x_wconf 76' lang='lat' dir='ltr'>regione</span> <span class='ocrx_word' id='word_1_5' title='bbox 551 481 644 557; x_wconf 74' lang='lat' dir='ltr'>alpina</span> <span class='ocrx_word' id='word_1_6' title='bbox 671 481 795 538; x_wconf 92' lang='lat' dir='ltr'>omnium</span> <span class='ocrx_word' id='word_1_7' title='bbox 818 481 954 538; x_wconf 88' lang='lat' dir='ltr'>montium</span> <span class='ocrx_word' id='word_1_8' title='bbox 981 481 1194 539; x_wconf 87' lang='lat' dir='ltr'>Granatensium</span> <span class='ocrx_word' id='word_1_9' title='bbox 1227 482 1332 560; x_wconf 85' lang='lat' dir='ltr'>(Boiss.</span> 
     </span>
     <span class='ocr_line' id='line_1_3' title="bbox 217 587 320 666; baseline -0.019 -20"><span class='ocrx_word' id='word_1_10' title='bbox 217 587 320 666; x_wconf 84' lang='lat' dir='ltr'>Reut.)</span> 
     </span>
    </p>

    <p class='ocr_par' dir='ltr' id='par_1_3' title="bbox 218 686 1338 1902">
     <span class='ocr_line' id='line_1_4' title="bbox 256 686 1333 768; baseline -0.002 -21"><span class='ocrx_word' id='word_1_11' title='bbox 256 691 346 768; x_wconf 88' lang='lat' dir='ltr'>Hujus</span> <span class='ocrx_word' id='word_1_12' title='bbox 360 689 459 767; x_wconf 85' lang='lat' dir='ltr'>plantae</span> <span class='ocrx_word' id='word_1_13' title='bbox 475 689 580 747; x_wconf 91' lang='lat' dir='ltr'>lructus</span> <span class='ocrx_word' id='word_1_14' title='bbox 591 688 691 746; x_wconf 88' lang='lat' dir='ltr'>maturi</span> <span class='ocrx_word' id='word_1_15' title='bbox 706 687 740 745; x_wconf 90' lang='lat' dir='ltr'>ab</span> <span class='ocrx_word' id='word_1_16' title='bbox 750 686 918 746; x_wconf 88' lang='lat' dir='ltr'>amicissimo</span> <span class='ocrx_word' id='word_1_17' title='bbox 930 687 966 746; x_wconf 75' lang='lat' dir='ltr'>D‘</span> <span class='ocrx_word' id='word_1_18' title='bbox 981 687 1069 746; x_wconf 87' lang='lat' dir='ltr'>Pedro</span> <span class='ocrx_word' id='word_1_19' title='bbox 1087 687 1133 746; x_wconf 92' lang='lat' dir='ltr'>del</span> <span class='ocrx_word' id='word_1_20' title='bbox 1148 688 1253 766; x_wconf 87' lang='lat' dir='ltr'>Campo</span> <span class='ocrx_word' id='word_1_21' title='bbox 1267 691 1333 746; x_wconf 85' lang='lat' dir='ltr'>Gra-</span> 
     </span>
     <span class='ocr_line' id='line_1_5' title="bbox 218 791 1335 872; baseline -0.002 -22"><span class='ocrx_word' id='word_1_22' title='bbox 218 795 325 852; x_wconf 88' lang='lat' dir='ltr'>natcnsi</span> <span class='ocrx_word' id='word_1_23' title='bbox 351 811 439 872; x_wconf 82' lang='lat' dir='ltr'>nuper</span> <span class='ocrx_word' id='word_1_24' title='bbox 465 792 541 852; x_wconf 88' lang='lat' dir='ltr'>missi</span> <span class='ocrx_word' id='word_1_25' title='bbox 569 811 620 851; x_wconf 90' lang='lat' dir='ltr'>nos</span> <span class='ocrx_word' id='word_1_26' title='bbox 645 793 777 850; x_wconf 79' lang='lat' dir='ltr'>certiores</span> <span class='ocrx_word' id='word_1_27' title='bbox 800 791 924 850; x_wconf 89' lang='lat' dir='ltr'>lecerunt</span> <span class='ocrx_word' id='word_1_28' title='bbox 948 811 1008 850; x_wconf 89' lang='lat' dir='ltr'>eam</span> <span class='ocrx_word' id='word_1_29' title='bbox 1028 791 1151 870; x_wconf 89' lang='lat' dir='ltr'>speciem</span> <span class='ocrx_word' id='word_1_30' title='bbox 1173 791 1335 851; x_wconf 68' lang='lat' dir='ltr'>distinctam</span> 
     </span>
     <span class='ocr_line' id='line_1_6' title="bbox 219 895 1335 974; baseline -0.002 -20"><span class='ocrx_word' id='word_1_31' title='bbox 219 899 388 956; x_wconf 90' lang='lat' dir='ltr'>constituere</span> <span class='ocrx_word' id='word_1_32' title='bbox 404 917 417 954; x_wconf 88' lang='lat' dir='ltr'>a</span> <span class='ocrx_word' id='word_1_33' title='bbox 435 897 467 954; x_wconf 88' lang='lat' dir='ltr'>B.</span> <span class='ocrx_word' id='word_1_34' title='bbox 482 895 592 972; x_wconf 77' lang='lat' dir='ltr'>culpari</span> <span class='ocrx_word' id='word_1_35' title='bbox 611 895 688 954; x_wconf 80' lang='lat' dir='ltr'>facile</span> <span class='ocrx_word' id='word_1_36' title='bbox 703 895 926 972; x_wconf 69' lang='lat' dir='ltr'>distinguendam</span> <span class='ocrx_word' id='word_1_37' title='bbox 940 895 1032 954; x_wconf 91' lang='lat' dir='ltr'>dumis</span> <span class='ocrx_word' id='word_1_38' title='bbox 1049 895 1246 954; x_wconf 77' lang='lat' dir='ltr'>humilioribus</span> <span class='ocrx_word' id='word_1_39' title='bbox 1265 896 1335 974; x_wconf 70' lang='grc'>(3-4</span> 
     </span>
     <span class='ocr_line' id='line_1_7' title="bbox 219 999 1336 1077; baseline -0.005 -17"><span class='ocrx_word' id='word_1_40' title='bbox 219 999 378 1076; x_wconf 81' lang='lat' dir='ltr'>pedalibus)</span> <span class='ocrx_word' id='word_1_41' title='bbox 394 1000 480 1060; x_wconf 86' lang='lat' dir='ltr'>multb</span> <span class='ocrx_word' id='word_1_42' title='bbox 498 1001 586 1076; x_wconf 86' lang='lat' dir='ltr'>magis</span> <span class='ocrx_word' id='word_1_43' title='bbox 597 1001 741 1070; x_wconf 76' lang='lat' dir='ltr'>intricatio,</span> <span class='ocrx_word' id='word_1_44' title='bbox 761 999 833 1058; x_wconf 88' lang='lat' dir='ltr'>loliis</span> <span class='ocrx_word' id='word_1_45' title='bbox 845 999 1044 1059; x_wconf 84' lang='lat' dir='ltr'>subsessilibus</span> <span class='ocrx_word' id='word_1_46' title='bbox 1060 1017 1113 1060; x_wconf 87' lang='lat' dir='ltr'>nec</span> <span class='ocrx_word' id='word_1_47' title='bbox 1126 1001 1275 1077; x_wconf 87' lang='lat' dir='ltr'>petiolatis,</span> <span class='ocrx_word' id='word_1_48' title='bbox 1287 999 1336 1057; x_wconf 74' lang='lat' dir='ltr'>to</span> 
     </span>
     <span class='ocr_line' id='line_1_8' title="bbox 219 1102 1336 1180; baseline 0 -20"><span class='ocrx_word' id='word_1_49' title='bbox 219 1104 308 1161; x_wconf 89' lang='lat' dir='ltr'>lineas</span> <span class='ocrx_word' id='word_1_50' title='bbox 325 1103 430 1161; x_wconf 76' lang='lat' dir='ltr'>tantiam</span> <span class='ocrx_word' id='word_1_51' title='bbox 442 1103 543 1178; x_wconf 84' lang='lat' dir='ltr'>longis,</span> <span class='ocrx_word' id='word_1_52' title='bbox 562 1102 649 1162; x_wconf 87' lang='lat' dir='ltr'>multb</span> <span class='ocrx_word' id='word_1_53' title='bbox 661 1103 748 1178; x_wconf 90' lang='lat' dir='ltr'>magis</span> <span class='ocrx_word' id='word_1_54' title='bbox 760 1103 902 1172; x_wconf 80' lang='lat' dir='ltr'>coriaceis,</span> <span class='ocrx_word' id='word_1_55' title='bbox 924 1105 1084 1180; x_wconf 91' lang='lat' dir='ltr'>marginatis</span> <span class='ocrx_word' id='word_1_56' title='bbox 1102 1105 1218 1180; x_wconf 78' lang='lat' dir='ltr'>integris</span> <span class='ocrx_word' id='word_1_57' title='bbox 1233 1114 1259 1160; x_wconf 91' lang='lat' dir='ltr'>et</span> <span class='ocrx_word' id='word_1_58' title='bbox 1272 1121 1336 1160; x_wconf 90' lang='lat' dir='ltr'>cum</span> 
     </span>
     <span class='ocr_line' id='line_1_9' title="bbox 219 1206 1334 1284; baseline -0.001 -20"><span class='ocrx_word' id='word_1_59' title='bbox 219 1216 332 1266; x_wconf 87' lang='lat' dir='ltr'>serratae</span> <span class='ocrx_word' id='word_1_60' title='bbox 347 1217 412 1265; x_wconf 90' lang='lat' dir='ltr'>sunt</span> <span class='ocrx_word' id='word_1_61' title='bbox 427 1207 555 1264; x_wconf 90' lang='lat' dir='ltr'>dentibus</span> <span class='ocrx_word' id='word_1_62' title='bbox 569 1206 718 1264; x_wconf 88' lang='lat' dir='ltr'>rarioribus</span> <span class='ocrx_word' id='word_1_63' title='bbox 734 1215 761 1265; x_wconf 91' lang='lat' dir='ltr'>et</span> <span class='ocrx_word' id='word_1_64' title='bbox 778 1207 865 1283; x_wconf 82' lang='lat' dir='ltr'>inagis</span> <span class='ocrx_word' id='word_1_65' title='bbox 882 1207 984 1284; x_wconf 91' lang='lat' dir='ltr'>patulis</span> <span class='ocrx_word' id='word_1_66' title='bbox 996 1206 1115 1276; x_wconf 85' lang='lat' dir='ltr'>donatis,</span> <span class='ocrx_word' id='word_1_67' title='bbox 1133 1207 1243 1265; x_wconf 90' lang='lat' dir='ltr'>tandem</span> <span class='ocrx_word' id='word_1_68' title='bbox 1259 1225 1334 1264; x_wconf 90' lang='lat' dir='ltr'>race-</span> 
     </span>
     <span class='ocr_line' id='line_1_10' title="bbox 222 1309 1336 1386; baseline -0.001 -19"><span class='ocrx_word' id='word_1_69' title='bbox 222 1311 274 1368; x_wconf 90' lang='lat' dir='ltr'>mis</span> <span class='ocrx_word' id='word_1_70' title='bbox 291 1310 490 1369; x_wconf 90' lang='lat' dir='ltr'>subscssilibus</span> <span class='ocrx_word' id='word_1_71' title='bbox 509 1320 535 1367; x_wconf 91' lang='lat' dir='ltr'>et</span> <span class='ocrx_word' id='word_1_72' title='bbox 555 1311 643 1369; x_wconf 90' lang='lat' dir='ltr'>lructn</span> <span class='ocrx_word' id='word_1_73' title='bbox 670 1329 726 1367; x_wconf 91' lang='lat' dir='ltr'>non</span> <span class='ocrx_word' id='word_1_74' title='bbox 748 1309 832 1367; x_wconf 89' lang='lat' dir='ltr'>rubro</span> <span class='ocrx_word' id='word_1_75' title='bbox 852 1309 900 1368; x_wconf 87' lang='lat' dir='ltr'>sed</span> <span class='ocrx_word' id='word_1_76' title='bbox 924 1311 1053 1374; x_wconf 79' lang='lat' dir='ltr'>caeruleo,</span> <span class='ocrx_word' id='word_1_77' title='bbox 1070 1310 1199 1386; x_wconf 90' lang='lat' dir='ltr'>stigmate</span> <span class='ocrx_word' id='word_1_78' title='bbox 1214 1310 1336 1386; x_wconf 88' lang='lat' dir='ltr'>stipitaro</span> 
     </span>
     <span class='ocr_line' id='line_1_11' title="bbox 221 1412 1335 1490; baseline 0 -20"><span class='ocrx_word' id='word_1_79' title='bbox 221 1432 271 1472; x_wconf 88' lang='lat' dir='ltr'>nec</span> <span class='ocrx_word' id='word_1_80' title='bbox 282 1415 426 1473; x_wconf 77' lang='lat' dir='ltr'>sessili-</span> <span class='ocrx_word' id='word_1_81' title='bbox 440 1415 471 1474; x_wconf 79' lang='lat' dir='ltr'>B,</span> <span class='ocrx_word' id='word_1_82' title='bbox 488 1413 635 1471; x_wconf 82' lang='lat' dir='ltr'>aetlncnsr&#39;s</span> <span class='ocrx_word' id='word_1_83' title='bbox 657 1415 743 1471; x_wconf 88' lang='lat' dir='ltr'>Presl.</span> <span class='ocrx_word' id='word_1_84' title='bbox 761 1415 883 1470; x_wconf 76' lang='lat' dir='ltr'>anostra</span> <span class='ocrx_word' id='word_1_85' title='bbox 898 1413 989 1471; x_wconf 88' lang='lat' dir='ltr'>dillert</span> <span class='ocrx_word' id='word_1_86' title='bbox 1004 1415 1093 1490; x_wconf 89' lang='lat' dir='ltr'>spinis</span> <span class='ocrx_word' id='word_1_87' title='bbox 1113 1414 1199 1472; x_wconf 81' lang='lat' dir='ltr'>multo</span> <span class='ocrx_word' id='word_1_88' title='bbox 1218 1412 1335 1470; x_wconf 79' lang='lat' dir='ltr'>validio-</span> 
     </span>
     <span class='ocr_line' id='line_1_12' title="bbox 220 1516 1337 1592; baseline 0.001 -20"><span class='ocrx_word' id='word_1_89' title='bbox 220 1516 298 1575; x_wconf 92' lang='lat' dir='ltr'>ribus</span> <span class='ocrx_word' id='word_1_90' title='bbox 313 1517 502 1581; x_wconf 87' lang='lat' dir='ltr'>lerocissirnis,</span> <span class='ocrx_word' id='word_1_91' title='bbox 519 1517 591 1574; x_wconf 88' lang='lat' dir='ltr'>loliis</span> <span class='ocrx_word' id='word_1_92' title='bbox 604 1517 691 1592; x_wconf 88' lang='lat' dir='ltr'>magis</span> <span class='ocrx_word' id='word_1_93' title='bbox 704 1517 856 1574; x_wconf 88' lang='lat' dir='ltr'>rotundatis</span> <span class='ocrx_word' id='word_1_94' title='bbox 871 1516 995 1574; x_wconf 82' lang='lat' dir='ltr'>crebribs</span> <span class='ocrx_word' id='word_1_95' title='bbox 1010 1517 1160 1574; x_wconf 81' lang='lat' dir='ltr'>reticulatis</span> <span class='ocrx_word' id='word_1_96' title='bbox 1171 1516 1337 1574; x_wconf 77' lang='lat' dir='ltr'>creberrime</span> 
     </span>
     <span class='ocr_line' id='line_1_13' title="bbox 220 1619 1338 1696; baseline 0 -21"><span class='ocrx_word' id='word_1_97' title='bbox 220 1619 445 1689; x_wconf 83' lang='lat' dir='ltr'>cibato-serratis,</span> <span class='ocrx_word' id='word_1_98' title='bbox 462 1620 591 1696; x_wconf 87' lang='lat' dir='ltr'>stigmate</span> <span class='ocrx_word' id='word_1_99' title='bbox 607 1620 633 1677; x_wconf 91' lang='lat' dir='ltr'>in</span> <span class='ocrx_word' id='word_1_100' title='bbox 646 1621 735 1678; x_wconf 91' lang='lat' dir='ltr'>lructu</span> <span class='ocrx_word' id='word_1_101' title='bbox 751 1619 897 1679; x_wconf 78' lang='lat' dir='ltr'>sessili-</span> <span class='ocrx_word' id='word_1_102' title='bbox 906 1619 938 1676; x_wconf 86' lang='lat' dir='ltr'>B.</span> <span class='ocrx_word' id='word_1_103' title='bbox 954 1622 1055 1678; x_wconf 84' lang='lat' dir='ltr'>cretico</span> <span class='ocrx_word' id='word_1_104' title='bbox 1072 1620 1105 1677; x_wconf 90' lang='lat' dir='ltr'>L.</span> <span class='ocrx_word' id='word_1_105' title='bbox 1126 1620 1237 1678; x_wconf 87' lang='lat' dir='ltr'>tandem</span> <span class='ocrx_word' id='word_1_106' title='bbox 1254 1620 1338 1676; x_wconf 88' lang='lat' dir='ltr'>babet</span> 
     </span>
     <span class='ocr_line' id='line_1_14' title="bbox 219 1722 1338 1803; baseline 0.004 -26"><span class='ocrx_word' id='word_1_107' title='bbox 219 1722 281 1779; x_wconf 90' lang='lat' dir='ltr'>lolia</span> <span class='ocrx_word' id='word_1_108' title='bbox 300 1723 470 1800; x_wconf 88' lang='lat' dir='ltr'>angustiora,</span> <span class='ocrx_word' id='word_1_109' title='bbox 497 1724 639 1803; x_wconf 86' lang='lat' dir='ltr'>lycioidea,</span> <span class='ocrx_word' id='word_1_110' title='bbox 663 1724 788 1782; x_wconf 89' lang='lat' dir='ltr'>tenuiora</span> <span class='ocrx_word' id='word_1_111' title='bbox 804 1725 896 1784; x_wconf 89' lang='lat' dir='ltr'>nervis</span> <span class='ocrx_word' id='word_1_112' title='bbox 914 1729 956 1782; x_wconf 80' lang='lat' dir='ltr'>vir</span> <span class='ocrx_word' id='word_1_113' title='bbox 974 1725 1208 1802; x_wconf 88' lang='lat' dir='ltr'>prominentibus,</span> <span class='ocrx_word' id='word_1_114' title='bbox 1230 1742 1338 1802; x_wconf 84' lang='lat' dir='ltr'>corym-</span> 
     </span>
     <span class='ocr_line' id='line_1_15' title="bbox 223 1826 771 1902; baseline 0.002 -20"><span class='ocrx_word' id='word_1_115' title='bbox 223 1826 272 1883; x_wconf 94' lang='lat' dir='ltr'>bos</span> <span class='ocrx_word' id='word_1_116' title='bbox 288 1827 404 1902; x_wconf 84' lang='lat' dir='ltr'>prorslrs</span> <span class='ocrx_word' id='word_1_117' title='bbox 419 1827 543 1894; x_wconf 89' lang='lat' dir='ltr'>sessiles‚</span> <span class='ocrx_word' id='word_1_118' title='bbox 561 1827 656 1886; x_wconf 88' lang='lat' dir='ltr'>baccas</span> <span class='ocrx_word' id='word_1_119' title='bbox 669 1828 771 1902; x_wconf 89' lang='lat' dir='ltr'>nigras.</span> 
     </span>
    </p>
   </div>
   <div class='ocr_carea' id='block_1_3' title="bbox 263 1974 1083 2058">
    <p class='ocr_par' dir='ltr' id='par_1_4' title="bbox 263 1974 1083 2058">
     <span class='ocr_line' id='line_1_16' title="bbox 263 1974 1083 2058; baseline 0.01 -27"><span class='ocrx_word' id='word_1_120' title='bbox 263 1974 390 2036; x_wconf 79' lang='lat' dir='ltr'>Formam</span> <span class='ocrx_word' id='word_1_121' title='bbox 405 1977 531 2034; x_wconf 83' lang='lat' dir='ltr'>Raurunr</span> <span class='ocrx_word' id='word_1_122' title='bbox 547 1978 637 2039; x_wconf 82' lang='lat' dir='ltr'>Boios.</span> <span class='ocrx_word' id='word_1_123' title='bbox 655 1977 756 2055; x_wconf 88' lang='lat' dir='ltr'>Diagn.</span> <span class='ocrx_word' id='word_1_124' title='bbox 775 1979 814 2055; x_wconf 94' lang='lat' dir='ltr'>pl.</span> <span class='ocrx_word' id='word_1_125' title='bbox 832 1999 872 2037; x_wconf 92' lang='lat' dir='ltr'>or.</span> <span class='ocrx_word' id='word_1_126' title='bbox 895 1996 927 2037; x_wconf 85' lang='lat' dir='ltr'>n0</span> <span class='ocrx_word' id='word_1_127' title='bbox 941 1980 970 2049; x_wconf 86' lang='lat'>8,</span> <span class='ocrx_word' id='word_1_128' title='bbox 989 2001 1015 2058; x_wconf 83' lang='lat' dir='ltr'>p.</span> <span class='ocrx_word' id='word_1_129' title='bbox 1037 1982 1083 2039; x_wconf 81' lang='grc'>13.</span> 
     </span>
    </p>
   </div>
   <div class='ocr_carea' id='block_1_4' title="bbox 213 2130 1348 3764">
    <p class='ocr_par' dir='ltr' id='par_1_5' title="bbox 224 2130 1341 2835">
     <span class='ocr_line' id='line_1_17' title="bbox 264 2130 1337 2212; baseline 0.007 -26"><span class='ocrx_word' id='word_1_130' title='bbox 264 2130 295 2187; x_wconf 87' lang='lat' dir='ltr'>F.</span> <span class='ocrx_word' id='word_1_131' title='bbox 313 2131 390 2190; x_wconf 89' lang='lat' dir='ltr'>caule</span> <span class='ocrx_word' id='word_1_132' title='bbox 410 2143 483 2191; x_wconf 90' lang='lat' dir='ltr'>recto</span> <span class='ocrx_word' id='word_1_133' title='bbox 502 2151 557 2192; x_wconf 92' lang='lat' dir='ltr'>non</span> <span class='ocrx_word' id='word_1_134' title='bbox 579 2134 733 2206; x_wconf 87' lang='lat' dir='ltr'>scandenti,</span> <span class='ocrx_word' id='word_1_135' title='bbox 760 2135 869 2212; x_wconf 87' lang='lat' dir='ltr'>petiolis</span> <span class='ocrx_word' id='word_1_136' title='bbox 891 2135 1052 2206; x_wconf 88' lang='lat' dir='ltr'>ecirrhosis,</span> <span class='ocrx_word' id='word_1_137' title='bbox 1081 2136 1209 2194; x_wconf 87' lang='lat' dir='ltr'>loliorum</span> <span class='ocrx_word' id='word_1_138' title='bbox 1233 2135 1337 2194; x_wconf 88' lang='lat' dir='ltr'>laciniis</span> 
     </span>
     <span class='ocr_line' id='line_1_18' title="bbox 226 2233 1339 2311; baseline 0.006 -21"><span class='ocrx_word' id='word_1_139' title='bbox 226 2233 341 2290; x_wconf 88' lang='lat' dir='ltr'>minutis</span> <span class='ocrx_word' id='word_1_140' title='bbox 355 2237 473 2311; x_wconf 79' lang='lat' dir='ltr'>anguste</span> <span class='ocrx_word' id='word_1_141' title='bbox 497 2236 646 2295; x_wconf 85' lang='lat' dir='ltr'>linearibus</span> <span class='ocrx_word' id='word_1_142' title='bbox 668 2238 909 2298; x_wconf 86' lang='lat' dir='ltr'>subcarraliculatis</span> <span class='ocrx_word' id='word_1_143' title='bbox 930 2239 1073 2307; x_wconf 81' lang='lat' dir='ltr'>confertis,</span> <span class='ocrx_word' id='word_1_144' title='bbox 1098 2239 1212 2297; x_wconf 90' lang='lat' dir='ltr'>racemis</span> <span class='ocrx_word' id='word_1_145' title='bbox 1236 2239 1339 2297; x_wconf 82' lang='lat' dir='ltr'>laxius-</span> 
     </span>
     <span class='ocr_line' id='line_1_19' title="bbox 224 2335 1339 2416; baseline 0.005 -24"><span class='ocrx_word' id='word_1_146' title='bbox 224 2335 305 2404; x_wconf 90' lang='lat' dir='ltr'>culis,</span> <span class='ocrx_word' id='word_1_147' title='bbox 322 2337 425 2414; x_wconf 88' lang='lat' dir='ltr'>sepelis</span> <span class='ocrx_word' id='word_1_148' title='bbox 445 2357 459 2394; x_wconf 90' lang='lat' dir='ltr'>e</span> <span class='ocrx_word' id='word_1_149' title='bbox 476 2338 532 2396; x_wconf 90' lang='lat' dir='ltr'>basi</span> <span class='ocrx_word' id='word_1_150' title='bbox 552 2338 639 2396; x_wconf 90' lang='lat' dir='ltr'>latiori</span> <span class='ocrx_word' id='word_1_151' title='bbox 656 2343 780 2398; x_wconf 76' lang='lat' dir='ltr'>truncate</span> <span class='ocrx_word' id='word_1_152' title='bbox 797 2340 925 2416; x_wconf 91' lang='lat' dir='ltr'>oblongis</span> <span class='ocrx_word' id='word_1_153' title='bbox 940 2339 1108 2416; x_wconf 91' lang='lat' dir='ltr'>subintegris</span> <span class='ocrx_word' id='word_1_154' title='bbox 1127 2340 1215 2398; x_wconf 86' lang='lat' dir='ltr'>acutis</span> <span class='ocrx_word' id='word_1_155' title='bbox 1229 2341 1339 2398; x_wconf 88' lang='lat' dir='ltr'>corollae</span> 
     </span>
     <span class='ocr_line' id='line_1_20' title="bbox 227 2439 1340 2521; baseline 0.004 -26"><span class='ocrx_word' id='word_1_156' title='bbox 227 2439 291 2496; x_wconf 92' lang='lat' dir='ltr'>tubo</span> <span class='ocrx_word' id='word_1_157' title='bbox 315 2440 459 2516; x_wconf 84' lang='lat' dir='ltr'>aequalatis</span> <span class='ocrx_word' id='word_1_158' title='bbox 475 2444 563 2518; x_wconf 82' lang='lat' dir='ltr'>adque</span> <span class='ocrx_word' id='word_1_159' title='bbox 585 2441 649 2518; x_wconf 77' lang='lat' dir='ltr'>plus</span> <span class='ocrx_word' id='word_1_160' title='bbox 665 2442 749 2520; x_wconf 87' lang='lat' dir='ltr'>duplb</span> <span class='ocrx_word' id='word_1_161' title='bbox 765 2443 948 2510; x_wconf 88' lang='lat' dir='ltr'>brevioribus,</span> <span class='ocrx_word' id='word_1_162' title='bbox 968 2442 1082 2502; x_wconf 88' lang='lat' dir='ltr'>lloribus</span> <span class='ocrx_word' id='word_1_163' title='bbox 1091 2443 1192 2520; x_wconf 78' lang='lat' dir='ltr'>pallide</span> <span class='ocrx_word' id='word_1_164' title='bbox 1207 2443 1285 2521; x_wconf 89' lang='lat' dir='ltr'>apice</span> <span class='ocrx_word' id='word_1_165' title='bbox 1297 2445 1340 2500; x_wconf 89' lang='lat' dir='ltr'>irr-</span> 
     </span>
     <span class='ocr_line' id='line_1_21' title="bbox 228 2545 1341 2625; baseline 0.003 -26"><span class='ocrx_word' id='word_1_166' title='bbox 228 2545 335 2603; x_wconf 88' lang='lat' dir='ltr'>tensius</span> <span class='ocrx_word' id='word_1_167' title='bbox 357 2545 497 2615; x_wconf 85' lang='lat' dir='ltr'>violaceis,</span> <span class='ocrx_word' id='word_1_168' title='bbox 517 2546 658 2623; x_wconf 89' lang='lat' dir='ltr'>pedicellis</span> <span class='ocrx_word' id='word_1_169' title='bbox 675 2548 821 2605; x_wconf 86' lang='lat' dir='ltr'>lrnctileris</span> <span class='ocrx_word' id='word_1_170' title='bbox 843 2547 924 2605; x_wconf 88' lang='lat' dir='ltr'>rectis</span> <span class='ocrx_word' id='word_1_171' title='bbox 949 2547 1056 2605; x_wconf 73' lang='lat' dir='ltr'>braetot</span> <span class='ocrx_word' id='word_1_172' title='bbox 1074 2547 1341 2625; x_wconf 88' lang='lat' dir='ltr'>sesquilongioribns</span> 
     </span>
     <span class='ocr_line' id='line_1_22' title="bbox 227 2652 1341 2732; baseline 0.002 -24"><span class='ocrx_word' id='word_1_173' title='bbox 227 2654 316 2710; x_wconf 92' lang='lat' dir='ltr'>lrnctu</span> <span class='ocrx_word' id='word_1_174' title='bbox 334 2653 391 2710; x_wconf 76' lang='lat' dir='ltr'>lore</span> <span class='ocrx_word' id='word_1_175' title='bbox 418 2653 502 2731; x_wconf 84' lang='lat' dir='ltr'>duplb</span> <span class='ocrx_word' id='word_1_176' title='bbox 526 2655 708 2728; x_wconf 86' lang='lat' dir='ltr'>longioribus,</span> <span class='ocrx_word' id='word_1_177' title='bbox 731 2655 821 2712; x_wconf 89' lang='lat' dir='ltr'>lrnctu</span> <span class='ocrx_word' id='word_1_178' title='bbox 840 2652 952 2732; x_wconf 89' lang='lat' dir='ltr'>(parvo)</span> <span class='ocrx_word' id='word_1_179' title='bbox 982 2654 1096 2712; x_wconf 89' lang='lat' dir='ltr'>ovoideo</span> <span class='ocrx_word' id='word_1_180' title='bbox 1120 2654 1178 2710; x_wconf 81' lang='lat' dir='ltr'>laevi</span> <span class='ocrx_word' id='word_1_181' title='bbox 1205 2656 1250 2712; x_wconf 86' lang='lat' dir='ltr'>rix</span> <span class='ocrx_word' id='word_1_182' title='bbox 1268 2673 1341 2712; x_wconf 88' lang='lat' dir='ltr'>conr-</span> 
     </span>
     <span class='ocr_line' id='line_1_23' title="bbox 225 2757 792 2835; baseline 0 -21"><span class='ocrx_word' id='word_1_183' title='bbox 225 2773 323 2830; x_wconf 91' lang='lat' dir='ltr'>presso</span> <span class='ocrx_word' id='word_1_184' title='bbox 337 2759 415 2835; x_wconf 88' lang='lat' dir='ltr'>apice</span> <span class='ocrx_word' id='word_1_185' title='bbox 433 2757 596 2816; x_wconf 87' lang='lat' dir='ltr'>biloreolato</span> <span class='ocrx_word' id='word_1_186' title='bbox 611 2757 792 2816; x_wconf 87' lang='lat' dir='ltr'>acutiuscula.</span> 
     </span>
    </p>

    <p class='ocr_par' dir='ltr' id='par_1_6' title="bbox 227 2860 1342 3042">
     <span class='ocr_line' id='line_1_24' title="bbox 267 2860 1342 2938; baseline -0.003 -21"><span class='ocrx_word' id='word_1_187' title='bbox 267 2860 337 2917; x_wconf 87' lang='lat' dir='ltr'>Hab.</span> <span class='ocrx_word' id='word_1_188' title='bbox 356 2862 382 2918; x_wconf 91' lang='lat' dir='ltr'>in</span> <span class='ocrx_word' id='word_1_189' title='bbox 400 2862 520 2919; x_wconf 81' lang='lat' dir='ltr'>Castelld</span> <span class='ocrx_word' id='word_1_190' title='bbox 533 2866 602 2919; x_wconf 83' lang='lat' dir='ltr'>nord</span> <span class='ocrx_word' id='word_1_191' title='bbox 615 2863 701 2938; x_wconf 75' lang='lat' dir='ltr'>prope</span> <span class='ocrx_word' id='word_1_192' title='bbox 714 2861 873 2938; x_wconf 67' lang='lat' dir='ltr'>Mirojloras</span> <span class='ocrx_word' id='word_1_193' title='bbox 889 2862 922 2919; x_wconf 91' lang='lat' dir='ltr'>ad</span> <span class='ocrx_word' id='word_1_194' title='bbox 940 2861 1045 2919; x_wconf 89' lang='lat' dir='ltr'>radices</span> <span class='ocrx_word' id='word_1_195' title='bbox 1059 2863 1192 2918; x_wconf 83' lang='lat' dir='ltr'>Sicrrude</span> <span class='ocrx_word' id='word_1_196' title='bbox 1210 2860 1342 2916; x_wconf 82' lang='lat' dir='ltr'>Gauder-</span> 
     </span>
     <span class='ocr_line' id='line_1_25' title="bbox 227 2962 1340 3042; baseline -0.005 -21"><span class='ocrx_word' id='word_1_197' title='bbox 227 2963 427 3040; x_wconf 73' lang='lat' dir='ltr'>romollleut.)</span> <span class='ocrx_word' id='word_1_198' title='bbox 437 2965 463 3020; x_wconf 92' lang='lat' dir='ltr'>in</span> <span class='ocrx_word' id='word_1_199' title='bbox 475 2964 557 3022; x_wconf 88' lang='lat' dir='ltr'>cultis</span> <span class='ocrx_word' id='word_1_200' title='bbox 574 2966 674 3021; x_wconf 81' lang='lat' dir='ltr'>inuritis</span> <span class='ocrx_word' id='word_1_201' title='bbox 686 2964 783 3021; x_wconf 85' lang='lat' dir='ltr'>Sierro</span> <span class='ocrx_word' id='word_1_202' title='bbox 795 2963 906 3022; x_wconf 84' lang='lat' dir='ltr'>Ncuodu</span> <span class='ocrx_word' id='word_1_203' title='bbox 916 2967 1002 3042; x_wconf 76' lang='lat' dir='ltr'>prope</span> <span class='ocrx_word' id='word_1_204' title='bbox 1021 2962 1079 3020; x_wconf 86' lang='lat' dir='ltr'>San</span> <span class='ocrx_word' id='word_1_205' title='bbox 1088 2963 1235 3020; x_wconf 82' lang='lat' dir='ltr'>Geront‘mo</span> <span class='ocrx_word' id='word_1_206' title='bbox 1250 2962 1340 3018; x_wconf 88' lang='lat' dir='ltr'>Boiss.</span> 
     </span>
    </p>

    <p class='ocr_par' dir='ltr' id='par_1_7' title="bbox 213 3064 1348 3764">
     <span class='ocr_line' id='line_1_26' title="bbox 268 3064 1341 3146; baseline -0.007 -18"><span class='ocrx_word' id='word_1_207' title='bbox 268 3069 344 3128; x_wconf 84' lang='lat' dir='ltr'>Folia</span> <span class='ocrx_word' id='word_1_208' title='bbox 357 3069 413 3126; x_wconf 79' lang='lat' dir='ltr'>lere</span> <span class='ocrx_word' id='word_1_209' title='bbox 427 3068 459 3126; x_wconf 86' lang='lat' dir='ltr'>F.</span> <span class='ocrx_word' id='word_1_210' title='bbox 476 3068 635 3146; x_wconf 75' lang='lat' dir='ltr'>poroisloroe</span> <span class='ocrx_word' id='word_1_211' title='bbox 649 3069 693 3127; x_wconf 90' lang='lat' dir='ltr'>vel</span> <span class='ocrx_word' id='word_1_212' title='bbox 713 3068 885 3139; x_wconf 84' lang='lat' dir='ltr'>nu&#39;cruatboe,</span> <span class='ocrx_word' id='word_1_213' title='bbox 908 3071 992 3128; x_wconf 90' lang='lat' dir='ltr'>llores</span> <span class='ocrx_word' id='word_1_214' title='bbox 1007 3069 1038 3126; x_wconf 88' lang='lat' dir='ltr'>F.</span> <span class='ocrx_word' id='word_1_215' title='bbox 1059 3064 1210 3146; x_wconf 73' lang='lat' dir='ltr'>officinalis</span> <span class='ocrx_word' id='word_1_216' title='bbox 1230 3064 1279 3123; x_wconf 92' lang='lat' dir='ltr'>sed</span> <span class='ocrx_word' id='word_1_217' title='bbox 1299 3081 1341 3120; x_wconf 87' lang='lat' dir='ltr'>so·</span> 
     </span>
     <span class='ocr_line' id='line_1_27' title="bbox 229 3167 1341 3248; baseline -0.005 -19"><span class='ocrx_word' id='word_1_218' title='bbox 229 3173 289 3248; x_wconf 90' lang='lat' dir='ltr'>pala</span> <span class='ocrx_word' id='word_1_219' title='bbox 308 3172 425 3248; x_wconf 88' lang='lat' dir='ltr'>integra,</span> <span class='ocrx_word' id='word_1_220' title='bbox 444 3171 476 3228; x_wconf 91' lang='lat' dir='ltr'>ab</span> <span class='ocrx_word' id='word_1_221' title='bbox 492 3170 621 3229; x_wconf 93' lang='lat' dir='ltr'>omnibus</span> <span class='ocrx_word' id='word_1_222' title='bbox 638 3169 703 3228; x_wconf 90' lang='lat' dir='ltr'>mibi</span> <span class='ocrx_word' id='word_1_223' title='bbox 722 3172 793 3230; x_wconf 90' lang='lat' dir='ltr'>notis</span> <span class='ocrx_word' id='word_1_224' title='bbox 809 3171 898 3228; x_wconf 90' lang='lat' dir='ltr'>lrnctu</span> <span class='ocrx_word' id='word_1_225' title='bbox 915 3172 1022 3229; x_wconf 87' lang='lat' dir='ltr'>minuto</span> <span class='ocrx_word' id='word_1_226' title='bbox 1033 3167 1204 3228; x_wconf 87' lang='lat' dir='ltr'>acutiuscula</span> <span class='ocrx_word' id='word_1_227' title='bbox 1221 3167 1341 3224; x_wconf 87' lang='lat' dir='ltr'>diversa.</span> 
     </span>
     <span class='ocr_line' id='line_1_28' title="bbox 230 3269 1345 3350; baseline -0.006 -20"><span class='ocrx_word' id='word_1_228' title='bbox 230 3273 493 3333; x_wconf 59' lang='lat' dir='ltr'>breitenlacha</span> <span class='ocrx_word' id='word_1_229' title='bbox 518 3292 567 3350; x_wconf 92' lang='lat' dir='ltr'>pro</span> <span class='ocrx_word' id='word_1_230' title='bbox 589 3275 643 3350; x_wconf 76' lang='lat' dir='ltr'>qud</span> <span class='ocrx_word' id='word_1_231' title='bbox 659 3274 779 3332; x_wconf 87' lang='lat' dir='ltr'>amiciss.</span> <span class='ocrx_word' id='word_1_232' title='bbox 802 3273 941 3332; x_wconf 89' lang='lat' dir='ltr'>Parlatore</span> <span class='ocrx_word' id='word_1_233' title='bbox 965 3273 1036 3330; x_wconf 90' lang='lat' dir='ltr'>banc</span> <span class='ocrx_word' id='word_1_234' title='bbox 1059 3271 1181 3349; x_wconf 87' lang='lat' dir='ltr'>plantam</span> <span class='ocrx_word' id='word_1_235' title='bbox 1203 3269 1286 3326; x_wconf 90' lang='lat' dir='ltr'>habet</span> <span class='ocrx_word' id='word_1_236' title='bbox 1313 3285 1345 3323; x_wconf 85' lang='lat' dir='ltr'>ex</span> 
     </span>
     <span class='ocr_line' id='line_1_29' title="bbox 229 3369 1344 3456; baseline -0.009 -21"><span class='ocrx_word' id='word_1_237' title='bbox 229 3383 307 3439; x_wconf 87' lang='lat' dir='ltr'>icone</span> <span class='ocrx_word' id='word_1_238' title='bbox 329 3390 356 3438; x_wconf 93' lang='lat' dir='ltr'>et</span> <span class='ocrx_word' id='word_1_239' title='bbox 372 3379 558 3456; x_wconf 85' lang='lat' dir='ltr'>descriptione</span> <span class='ocrx_word' id='word_1_240' title='bbox 581 3379 734 3437; x_wconf 75' lang='lat' dir='ltr'>certissime</span> <span class='ocrx_word' id='word_1_241' title='bbox 754 3377 856 3444; x_wconf 73' lang='lat' dir='ltr'>differt,</span> <span class='ocrx_word' id='word_1_242' title='bbox 875 3375 984 3452; x_wconf 88' lang='lat' dir='ltr'>petiolis</span> <span class='ocrx_word' id='word_1_243' title='bbox 1001 3370 1199 3438; x_wconf 88' lang='lat' dir='ltr'>subcirrhosis,</span> <span class='ocrx_word' id='word_1_244' title='bbox 1216 3369 1344 3426; x_wconf 90' lang='lat' dir='ltr'>loliorum</span> 
     </span>
     <span class='ocr_line' id='line_1_30' title="bbox 213 3473 1348 3560; baseline -0.009 -20"><span class='ocrx_word' id='word_1_245' title='bbox 213 3530 216 3535; x_wconf 93' lang='lat'>.</span> <span class='ocrx_word' id='word_1_246' title='bbox 231 3485 336 3542; x_wconf 87' lang='lat' dir='ltr'>laciniis</span> <span class='ocrx_word' id='word_1_247' title='bbox 355 3487 442 3542; x_wconf 84' lang='lat' dir='ltr'>rnultb</span> <span class='ocrx_word' id='word_1_248' title='bbox 458 3484 608 3560; x_wconf 86' lang='lat' dir='ltr'>majoribus</span> <span class='ocrx_word' id='word_1_249' title='bbox 623 3481 782 3540; x_wconf 86' lang='lat' dir='ltr'>lanceolatis</span> <span class='ocrx_word' id='word_1_250' title='bbox 798 3478 955 3542; x_wconf 77' lang='lat' dir='ltr'>llabellmiS,</span> <span class='ocrx_word' id='word_1_251' title='bbox 970 3475 1113 3549; x_wconf 92' lang='lat' dir='ltr'>sepalisad</span> <span class='ocrx_word' id='word_1_252' title='bbox 1124 3473 1245 3531; x_wconf 89' lang='lat' dir='ltr'>medinm</span> <span class='ocrx_word' id='word_1_253' title='bbox 1262 3475 1348 3532; x_wconf 91' lang='lat' dir='ltr'>utrin-</span> 
     </span>
     <span class='ocr_line' id='line_1_31' title="bbox 229 3577 1347 3664; baseline -0.008 -21"><span class='ocrx_word' id='word_1_254' title='bbox 229 3605 283 3664; x_wconf 85' lang='lat' dir='ltr'>que</span> <span class='ocrx_word' id='word_1_255' title='bbox 309 3586 476 3644; x_wconf 87' lang='lat' dir='ltr'>nnideutatis</span> <span class='ocrx_word' id='word_1_256' title='bbox 501 3585 557 3641; x_wconf 92' lang='lat' dir='ltr'>basi</span> <span class='ocrx_word' id='word_1_257' title='bbox 578 3584 744 3646; x_wconf 83' lang='lat' dir='ltr'>attenuatis,</span> <span class='ocrx_word' id='word_1_258' title='bbox 770 3578 880 3636; x_wconf 89' lang='lat' dir='ltr'>nncnlis</span> <span class='ocrx_word' id='word_1_259' title='bbox 903 3577 1199 3652; x_wconf 88' lang='lat' dir='ltr'>globoso-compressis</span> <span class='ocrx_word' id='word_1_260' title='bbox 1222 3580 1347 3636; x_wconf 90' lang='lat' dir='ltr'>acutius-</span> 
     </span>
     <span class='ocr_line' id='line_1_32' title="bbox 231 3683 693 3764; baseline -0.019 -18"><span class='ocrx_word' id='word_1_261' title='bbox 231 3689 300 3746; x_wconf 86' lang='lat' dir='ltr'>culis</span> <span class='ocrx_word' id='word_1_262' title='bbox 317 3688 429 3764; x_wconf 93' lang='lat' dir='ltr'>quidem</span> <span class='ocrx_word' id='word_1_263' title='bbox 445 3685 494 3743; x_wconf 93' lang='lat' dir='ltr'>sed</span> <span class='ocrx_word' id='word_1_264' title='bbox 508 3683 693 3744; x_wconf 90' lang='lat' dir='ltr'>brevioribus.</span> 
     </span>
    </p>
   </div>
   <div class='ocr_carea' id='block_1_5' title="bbox 269 3833 802 3897">
    <p class='ocr_par' dir='ltr' id='par_1_8' title="bbox 269 3833 802 3897">
     <span class='ocr_line' id='line_1_33' title="bbox 269 3833 802 3897; baseline -0.023 0"><span class='ocrx_word' id='word_1_265' title='bbox 269 3841 396 3897; x_wconf 79' lang='lat' dir='ltr'>Funamr</span> <span class='ocrx_word' id='word_1_266' title='bbox 411 3851 561 3893; x_wconf 82' lang='lat' dir='ltr'>nurrsrms</span> <span class='ocrx_word' id='word_1_267' title='bbox 581 3833 670 3890; x_wconf 82' lang='lat' dir='ltr'>Roiss.</span> <span class='ocrx_word' id='word_1_268' title='bbox 685 3833 802 3890; x_wconf 78' lang='lat' dir='ltr'>etlleut.</span> 
     </span>
    </p>
   </div>
   <div class='ocr_carea' id='block_1_6' title="bbox 228 3987 1348 4280">
    <p class='ocr_par' dir='ltr' id='par_1_9' title="bbox 228 3987 1348 4280">
     <span class='ocr_line' id='line_1_34' title="bbox 269 3987 1346 4068; baseline -0.007 -17"><span class='ocrx_word' id='word_1_269' title='bbox 269 3995 301 4052; x_wconf 76' lang='lat' dir='ltr'>F,</span> <span class='ocrx_word' id='word_1_270' title='bbox 325 4011 427 4056; x_wconf 84' lang='lat' dir='ltr'>annua,</span> <span class='ocrx_word' id='word_1_271' title='bbox 447 3992 571 4051; x_wconf 88' lang='lat' dir='ltr'>caulibus</span> <span class='ocrx_word' id='word_1_272' title='bbox 589 3988 835 4068; x_wconf 89' lang='lat' dir='ltr'>procumbentibus</span> <span class='ocrx_word' id='word_1_273' title='bbox 853 3987 1017 4046; x_wconf 87' lang='lat' dir='ltr'>abbreviatis</span> <span class='ocrx_word' id='word_1_274' title='bbox 1043 3988 1175 4046; x_wconf 86' lang='lat' dir='ltr'>tortuosis</span> <span class='ocrx_word' id='word_1_275' title='bbox 1191 3989 1346 4064; x_wconf 79' lang='lat' dir='ltr'>lragililius,</span> 
     </span>
     <span class='ocr_line' id='line_1_35' title="bbox 230 4090 1348 4176; baseline -0.011 -18"><span class='ocrx_word' id='word_1_276' title='bbox 230 4097 339 4176; x_wconf 86' lang='lat' dir='ltr'>petiolis</span> <span class='ocrx_word' id='word_1_277' title='bbox 363 4097 523 4166; x_wconf 84' lang='lat' dir='ltr'>coirrlrosis,</span> <span class='ocrx_word' id='word_1_278' title='bbox 548 4095 619 4154; x_wconf 88' lang='lat' dir='ltr'>loliis</span> <span class='ocrx_word' id='word_1_279' title='bbox 638 4090 888 4172; x_wconf 78' lang='lat' dir='ltr'>glaucescentibus,</span> <span class='ocrx_word' id='word_1_280' title='bbox 911 4091 1010 4148; x_wconf 91' lang='lat' dir='ltr'>loliolis</span> <span class='ocrx_word' id='word_1_281' title='bbox 1027 4091 1052 4147; x_wconf 92' lang='lat' dir='ltr'>in</span> <span class='ocrx_word' id='word_1_282' title='bbox 1073 4091 1149 4149; x_wconf 89' lang='lat' dir='ltr'>lobos</span> <span class='ocrx_word' id='word_1_283' title='bbox 1168 4090 1210 4147; x_wconf 85' lang='lat' dir='ltr'>vel</span> <span class='ocrx_word' id='word_1_284' title='bbox 1234 4090 1348 4146; x_wconf 85' lang='lat' dir='ltr'>lacinias</span> 
     </span>
     <span class='ocr_line' id='line_1_36' title="bbox 228 4192 1321 4280; baseline -0.012 -18"><span class='ocrx_word' id='word_1_285' title='bbox 228 4205 359 4280; x_wconf 84' lang='lat' dir='ltr'>oblongas</span> <span class='ocrx_word' id='word_1_286' title='bbox 378 4203 418 4262; x_wconf 90' lang='lat' dir='ltr'>rel</span> <span class='ocrx_word' id='word_1_287' title='bbox 435 4199 706 4278; x_wconf 88' lang='lat' dir='ltr'>oblongo-allipticas</span> <span class='ocrx_word' id='word_1_288' title='bbox 722 4205 815 4256; x_wconf 86' lang='lat' dir='ltr'>acutas</span> <span class='ocrx_word' id='word_1_289' title='bbox 833 4196 875 4256; x_wconf 88' lang='lat' dir='ltr'>rel</span> <span class='ocrx_word' id='word_1_290' title='bbox 894 4197 1007 4256; x_wconf 87' lang='lat' dir='ltr'>obtusas</span> <span class='ocrx_word' id='word_1_291' title='bbox 1026 4192 1231 4252; x_wconf 88' lang='lat' dir='ltr'>mucronnlatas</span> <span class='ocrx_word' id='word_1_292' title='bbox 1248 4193 1321 4252; x_wconf 86' lang='lat' dir='ltr'>fissis</span> 
     </span>
    </p>
   </div>
   <div class='ocr_carea' id='block_1_7' title="bbox 0 0 1546 4780">
    <p class='ocr_par' dir='ltr' id='par_1_10' title="bbox 0 0 1546 4780">
     <span class='ocr_line' id='line_1_37' title="bbox 0 0 1546 4780; baseline 0 0"><span class='ocrx_word' id='word_1_293' title='bbox 0 0 1546 4780; x_wconf 95' lang='lat' dir='ltr'> </span> 
     </span>
    </p>
   </div>
  </div>
 </body>
</html>
