3120 4772
771 323 817 383 'ttt

266 464 392 522 Soncnus
408 467 619 522 hlnunrraurous
641 463 730 521 Roiss.
747 473 773 520 et
789 462 872 520 Reut.

266 591 295 650 S.
312 592 454 668 perennis,
469 591 574 666 glaber,
588 590 680 646 radice
694 587 829 666 repente?
843 589 966 647 verticali
982 589 1075 664 longa,
1089 590 1161 646 loliis
1179 588 1236 647 ferd
1251 591 1342 646 omrai·

226 695 278 753 bus
293 694 457 752 radicalibus
478 693 581 750 ambitu
598 693 891 769 oblongo-lanceolatis
907 693 1042 770 profunde
1059 692 1342 768 runcinato-pinnati·

226 797 289 856 sadis
304 797 410 856 laciniis
425 798 526 874 patulis
539 796 704 855 retrorsisve
719 797 798 854 acute
814 806 842 854 et
855 797 951 873 grosse
965 796 1062 854 lobatis
1078 807 1266 873 praetereaque
1281 814 1342 854 cre-

226 902 274 960 bre
290 902 408 958 dentatis
424 901 552 959 dentibus
568 901 732 958 acuminatis
748 901 1004 969 albo-mucronata,
1019 902 1096 958 caule
1110 910 1201 958 erecto
1216 899 1342 957 fistuloso

227 1002 287 1061 laevi
299 1003 420 1078 superne
436 1002 740 1078 raruoso-corymboso,
756 1002 829 1059 loliis
845 1003 963 1060 caulinis
981 1003 1029 1062 td
1043 1001 1344 1079 auriculam-amplexi·

224 1106 348 1163 caulibus
370 1105 529 1162 lanceolatis
550 1105 772 1180 pinnati-lobatis
798 1106 951 1164 dentatisve
972 1107 1068 1165 crebre
1091 1118 1119 1164 et
1142 1105 1343 1182 angustissime

227 1209 413 1276 denticulatis,
426 1208 553 1284 capitulis
570 1209 765 1276 mediocribus,
784 1209 919 1266 involucri
932 1209 1018 1284 glabri
1030 1210 1102 1267 caesii
1117 1209 1220 1286 phyllis
1234 1208 1342 1265 lanceo-

227 1313 289 1370 latis
306 1313 505 1370 obtusiusculis
524 1311 708 1370 exterioribus
725 1314 820 1390 paucis
836 1314 1019 1382 brevioribus,
1037 1313 1130 1388 ligulis
1147 1313 1344 1389 marginalibus

228 1416 432 1491 aeneatoribus,
450 1416 582 1474 achaeuiis
600 1416 701 1492 pallide
724 1417 809 1474 luscis
825 1417 882 1474 basi
902 1417 1049 1474 attenuatis
1071 1416 1240 1492 compressis
1257 1417 1342 1472 utrin-

228 1539 282 1596 que
300 1519 447 1577 acesinus
466 1521 551 1577 costis
572 1521 671 1577 mediis
692 1520 836 1578 intervallo
857 1521 944 1578 latiori
962 1521 1096 1598 sejunctis
1120 1523 1174 1579 tota
1195 1519 1344 1598 superficie

227 1623 279 1680 sub
296 1622 369 1680 lente
385 1622 723 1693 scabridoverrueulosis,
737 1643 827 1701 pappo
843 1625 926 1682 niveo
939 1625 1064 1683 achaeuio
1082 1625 1162 1701 triplb
1174 1625 1304 1700 longiori.

268 1726 338 1784 llab.
362 1727 388 1782 in
407 1727 480 1784 arvis
501 1727 641 1802 argillosis
660 1729 746 1804 prope
769 1728 859 1786 lacum
874 1729 980 1786 salsum
1000 1728 1089 1786 Seblro
1112 1729 1215 1786 dictum
1232 1729 1265 1786 ad
1286 1734 1347 1805 ey'us

228 1831 430 1888 extremitatem
453 1831 651 1888 occidentalem
674 1832 700 1888 in
725 1833 766 1890 vie
785 1833 857 1890 inter
882 1832 959 1890 Oran
984 1845 1011 1890 et
1039 1831 1170 1889 Tlemsen.
1193 1832 1298 1909 (Roiss.
1319 1842 1347 1890 et

228 1934 325 2001 Reut,
344 1933 442 2010 hprili,
465 1933 571 2012 1849.)

267 2037 363 2094 Planta
380 2037 390 2092 1
409 2039 441 2114 ¹y2
457 2038 574 2114 pedalis,
591 2039 654 2096 solia
670 2039 799 2097 interiora
812 2041 861 2097 45
881 2041 993 2116 pollices
1010 2043 1092 2118 longa
1107 2041 1344 2118 sesqui-pollicem

229 2142 295 2210 lata,
311 2141 430 2217 capitula
447 2141 500 2198 illis
525 2141 556 2200 S.
574 2143 698 2200 aroensis
718 2145 825 2201 minora
841 2163 855 2201 a
873 2163 927 2220 quo
943 2145 1080 2220 glabritie,
1103 2147 1208 2203 statura
1232 2145 1344 2214 minori,

228 2244 299 2301 loliis
312 2244 368 2302 lere
382 2245 513 2302 omuibus
532 2245 695 2304 radicalibus
711 2247 814 2304 dillert.
832 2249 854 2304 Α
872 2248 901 2304 S.
921 2251 1062 2306 maritinae
1078 2249 1259 2324 distinguitur
1273 2247 1347 2305 loliis

228 2347 363 2424 profunde
385 2349 537 2405 runcinatis
559 2367 609 2405 nec
630 2350 758 2425 integris,
781 2351 917 2410 involucri
942 2353 1045 2431 phyllis
1073 2353 1293 2429 angustioribus,
1309 2352 1343 2409 ab

226 2459 348 2527 utroque
363 2451 494 2510 achaeuiis
515 2453 667 2510 minoribus
685 2453 742 2511 basi
767 2457 854 2530 magis
872 2457 1019 2514 attenuatis
1036 2457 1139 2516 striatis
1163 2477 1213 2515 nec
1229 2457 1344 2515 elevato·

227 2555 340 2614 costatis
363 2575 414 2614 uec
430 2565 459 2614 ut
480 2557 507 2613 in
524 2555 559 2616 S.
583 2558 693 2614 areensi
709 2558 787 2616 vald'e
804 2558 956 2635 rugulosis,
981 2579 1032 2618 nec
1053 2569 1082 2618 ut
1105 2561 1131 2618 iu
1157 2561 1187 2618 S.
1205 2560 1345 2619 maritimo

228 2659 408 2718 laeviusculis⁴

268 2815 475 2872 Zouurrrorurur
490 2833 643 2874 uovaraoua
661 2816 755 2875 Boiss.
772 2826 799 2874 et
814 2816 899 2875 Reut.

268 2940 298 2998 Z.
315 2943 448 3015 perennis
464 2942 570 3015 glabra,
590 2943 742 3000 rbizomate
758 2945 882 3000 verticuli
902 2944 934 3001 ad
947 2944 1068 3002 radicem
1086 2953 1230 3021 repentem
1245 2943 1344 3002 adnato

227 3043 323 3101 caules
339 3043 434 3120 plures
445 3051 552 3102 erectos
567 3045 674 3103 iniern'e
688 3045 830 3123 simplices
845 3047 931 3104 dense
947 3047 1060 3105 ioliosos
1082 3049 1203 3126 superne
1217 3065 1346 3106 ramoso·

228 3148 426 3224 corymbileros
443 3147 547 3218 edenti,
564 3149 636 3207 loliis
659 3151 762 3207 teneris
781 3150 959 3208 inferioribus
977 3151 1116 3226 petiolatis
1132 3151 1267 3227 elongatis
1283 3154 1348 3228 piu-

229 3250 395 3328 natipartitis
417 3251 529 3310 rachide
553 3253 716 3328 longissima
737 3255 844 3312 remote
865 3264 892 3312 et
910 3254 1014 3312 minute
1035 3254 1200 3312 denticulata
1222 3255 1347 3312 laciniis-

228 3373 281 3432 que
296 3355 411 3432 integris
428 3356 556 3432 aequilate
572 3356 722 3414 linearibus
740 3359 827 3415 acutis
843 3357 1146 3426 calloso-mucronatis,
1163 3359 1237 3416 loliis
1255 3377 1346 3434 supe-

227 3459 346 3516 rioribus
370 3459 543 3517 brevioribus
569 3460 713 3518 sessilibns
740 3461 798 3518 basi
825 3461 904 3518 acute
930 3461 1346 3538 auriculato-amploxicaulibus

227 3561 398 3639 pinnatilidis
417 3563 581 3630 dentatisve,
595 3563 759 3640 pedunculis
775 3563 912 3639 elongatis
929 3566 1034 3622 minute
1048 3565 1251 3642 squarnulosis‚
1268 3566 1346 3622 invo-

228 3663 298 3721 lucri
314 3663 416 3741 phyllis
432 3665 534 3740 glabris
549 3667 795 3741 nigricanticaesiis
811 3667 844 3725 ab
856 3667 958 3726 infamis
970 3671 1057 3728 ovatis
1071 3669 1107 3726 ad
1123 3669 1217 3726 intima
1232 3668 1347 3726 linearia

229 3765 367 3841 elongatis
383 3767 512 3825 omnibus
533 3769 611 3844 apice
626 3787 736 3826 summo
757 3780 862 3828 tantum
886 3773 1192 3838 albo-membranaceis,
1213 3773 1345 3831 achaeniis

229 3869 358 3928 tenuibus
375 3871 455 3928 rectis
473 3871 570 3930 obtuse
589 3873 720 3949 angulata
733 3875 781 3932 4-5
799 3877 910 3935 rostatis
929 3896 1018 3954 pappo
1038 3878 1182 3937 multiseto
1206 3878 1285 3936 niveo
1304 3875 1344 3932 eis

230 3973 349 4050 longiori
363 3975 500 4050 superatis
515 3975 619 4034 intimis
635 3977 806 4037 tenuissimis
822 3980 891 4038 albis
909 3981 1008 4039 abortu
1024 3982 1177 4041 sterilibus,

270 4078 339 4138 Hab.
357 4079 384 4138 iu
405 4079 528 4138 arenosis
551 4080 696 4140 maritimis
711 4083 781 4140 circa
800 4083 886 4151 Oreo,
905 4095 931 4142 et
949 4086 1021 4144 inter
1038 4085 1065 4143 lo
1092 4086 1182 4143 Stidin
1198 4096 1225 4144 et
1241 4083 1344 4144 Moste-

232 4199 326 4254 ycncar
341 4185 478 4260 (boissier
494 4196 518 4244 et
539 4185 668 4255 Retrterl,
684 4186 758 4262 ,tput
778 4185 862 4244 1849.

651 4247 654 4255 ι
