3120 4772
782 358 848 423 tud

300 510 369 568 llab.
388 509 414 564 in
434 506 541 564 olivetis
559 504 725 561 Catalauuiaa
747 503 833 578 propia
854 501 951 558 deride
970 502 1014 558 ubi
1039 502 1105 576 legit
1123 503 1187 558 Oct.
1213 500 1283 558 ltldl
1304 499 1375 555 ami-

261 617 324 673 ciss.
342 613 458 670 Reuter.

300 715 400 774 Caules
418 713 503 787 l-lls',
522 711 633 787 pedales
651 711 734 768 terea
752 710 810 766 basi
824 709 915 786 patule
928 718 954 768 et
966 708 1160 786 pyramidatim
1177 706 1371 773 raniosissimi‚

260 823 323 878 tolia
346 821 472 876 interiora
495 815 541 872 34
565 815 652 872 lineas
679 815 760 889 longa
784 813 886 870 lineam
912 813 975 882 lata,
1006 822 1104 871 caetera
1123 811 1211 869 multb
1236 810 1371 875 breviora,

260 924 329 981 rami
344 943 359 980 a
374 921 431 980 basi
447 919 609 996 glomorrrlis
630 918 671 974 rel
690 918 802 994 spiculis
829 917 937 974 interne
955 917 1091 974 distinctis
1105 915 1153 974 Ἡ
1177 915 1265 972 lineas
1284 913 1372 987 longis

260 1026 380 1104 superne
403 1023 568 1081 abbreviatis
588 1021 793 1078 confluentibus
809 1021 912 1088 onusti,
931 1021 1107 1097 perigouium
1125 1019 1294 1076 lructilerum
1313 1015 1374 1072 dia-

260 1143 349 1189 metro
365 1130 467 1186 lineam
478 1127 619 1185 dimidiam
632 1127 674 1182 rel
693 1126 775 1201 paulb
791 1125 913 1200 amplilrs
930 1124 1014 1180 latum
1031 1123 1151 1199 spinulis
1166 1122 1203 1197 Ὗ,
1218 1121 1298 1178 lineae
1314 1119 1373 1176 lon·

260 1233 301 1307 gis
316 1233 484 1290 circinnatis
502 1229 613 1305 Species
628 1229 661 1285 ab
678 1228 711 1283 E.
734 1225 914 1305 hyssopifolio
935 1227 976 1284 cui
995 1227 1086 1284 alfiuis
1103 1235 1145 1283 est
1161 1234 1190 1282 ut
1207 1224 1316 1281 videtur
1333 1233 1374 1280 sat

260 1337 387 1395 distincta
404 1336 485 1392 ramis
513 1334 600 1390 ruultd
620 1333 728 1408 parcius
746 1332 927 1406 lanuginosiS,
946 1331 1018 1388 loliis
1033 1329 1196 1387 abbreviatis
1212 1327 1298 1403 magis
1314 1345 1371 1383 car-

261 1441 348 1506 nosis,
378 1439 478 1495 llortrm
505 1434 665 1510 glomerulis
689 1432 845 1490 runltissoris
872 1433 1007 1508 elongatis
1030 1444 1054 1490 et
1077 1431 1212 1508 imprimis
1237 1427 1371 1506 perigenii

262 1543 375 1600 minoris
395 1541 482 1618 spinis
498 1539 610 1596 dimidii»
630 1539 812 1595 brevioribus.
842 1539 883 1593 dn
908 1551 999 1594 tamen
1025 1538 1107 1613 liujus
1129 1537 1217 1592 lorma
1242 1531 1374 1590 occiden-

262 1642 343 1702 talis?

302 1799 374 1856 bura
392 1801 522 1856 Bornos-11
541 1799 659 1863 Cossou‚
680 1799 743 1853 bot.
763 1797 800 1872 pl.
820 1796 898 1870 lisp,
922 1815 984 1870 pag.
1004 1794 1052 1850 td.

301 1951 332 2005 E.
352 1948 549 2024 speciminibus
573 1968 586 2004 a
608 1953 642 2005 cl.
669 1949 813 2023 Bourgcau
839 1948 889 2004 sub
912 1963 942 2002 u⁰
964 1945 1022 2002 5225
1040 1944 1131 2001 relatis
1147 1944 1206 2001 baec
1223 1943 1328 2019 species
1344 1942 1378 1998 ad

267 2057 297 2111 ll.
313 2073 519 2130 nancrocorpmu
535 2057 619 2113 tluss.
641 2053 781 2110 rclcrcuda
799 2064 839 2108 est
856 2053 934 2127 cujus
947 2051 1087 2126 specimen
1104 2049 1295 2105 authenticum
1311 2065 1374 2103 cou-

265 2160 389 2215 tulimus.

303 2314 441 2366 rtrnrruux
458 2313 654 2366 blunrrrsrca
671 2311 744 2366 Bois.
763 2323 787 2366 et
805 2315 887 2369 ltent.
906 2310 992 2386 (Soet.
1020 2307 1206 2383 Teutliopsr's).

304 2463 336 2518 rt.
369 2461 474 2516 iulcrue
499 2459 700 2517 sullrutcscens
724 2462 847 2517 caulibus
869 2473 1013 2536 prostratis
1041 2462 1124 2515 ramis
1151 2461 1260 2534 virgatis
1281 2457 1377 2513 albidis

262 2567 379 2644 sparsim
406 2565 532 2640 lepidotis
557 2565 670 2630 foliosis,
694 2565 764 2621 toliis
790 2564 915 2639 oblongis
942 2563 1187 2620 sinuato-dentatis
1210 2561 1314 2620 obtusis
1331 2561 1378 2618 vel

264 2668 443 2727 acutiusculis
458 2669 541 2745 suprb
557 2667 758 2725 virescentibus
776 2667 874 2724 subtus
892 2665 1112 2743 lepidotocanis,
1131 2666 1272 2724 lloralibus
1288 2665 1380 2722 liuea-

265 2774 340 2830 ribus
358 2772 538 2847 subintegris‚
554 2772 654 2830 llorum
671 2771 834 2846 glorrrerulis
846 2771 936 2848 spicas
952 2781 1048 2828 tenues
1066 2771 1233 2845 interruptas
1251 2769 1380 2826 caudatos

266 2876 371 2933 inlornb
388 2874 499 2933 loliosas
514 2876 548 2932 ad
564 2894 703 2932 ramorum
720 2876 920 2932 extremitatem
939 2873 1132 2933 formantibus,
1150 2871 1294 2948 perigouio
1310 2871 1380 2930 lruc-

267 2975 448 3032 tilerosessili
465 2976 552 3030 abasi
569 2977 692 3030 truncatd
711 2975 754 3028 vix
776 2976 892 3028 cuneata
915 2973 1073 3046 triangulari
1095 2981 1175 3028 acuto
1198 2973 1302 3052 phyllis
1323 2973 1380 3031 basi

266 3076 390 3136 connatis
413 3074 535 3150 margine
552 3073 628 3132 basin
648 3074 746 3132 versirs
763 3073 892 3151 utrinqub
911 3074 957 3131 lb
974 3075 1092 3132 dentatis
1108 3075 1184 3132 disco
1200 3075 1227 3132 in
1246 3077 1381 3135 fructibus

267 3177 442 3236 interioribus
468 3177 529 3235 laevi
558 3177 585 3234 in
615 3177 806 3253 superioribus
832 3177 890 3234 basi
917 3176 1098 3244 tuberculum,
1128 3177 1248 3234 radiculd
1271 3177 1380 3236 radicali

268 3281 445 3350 ascendente,
464 3283 532 3340 testa
549 3283 635 3340 tenui.

308 3385 379 3445 Hab.
400 3387 425 3442 in
443 3386 523 3443 siccis
540 3385 626 3462 prope
647 3384 723 3441 Oraia
738 3386 771 3442 ad
786 3383 892 3441 radices
907 3385 1009 3440 montis
1030 3381 1119 3439 Sonto
1140 3382 1211 3438 Cruz
1235 3383 1336 3457 (Boiss.
1354 3393 1382 3440 et

269 3488 367 3554 Rem„
384 3487 470 3554 bord,
487 3487 564 3563 April
582 3485 683 3564 1839).

308 3587 389 3644 Rami
407 3588 519 3661 pedales
537 3587 579 3643 vel
597 3586 749 3654 breviores
766 3587 830 3644 lolia
844 3587 974 3644 iuferiora
990 3587 1040 3645 7-8
1053 3589 1137 3646 lineas
1155 3589 1237 3663 longa
1252 3587 1301 3647 23
1316 3589 1381 3651 tata,

270 3688 412 3764 superiora
429 3691 599 3764 angustiora,
626 3690 801 3764 perigouium
817 3689 989 3748 lructilarum
1007 3691 1033 3747 iu
1051 3692 1184 3750 fructibus
1205 3692 1382 3750 inlerioribus

270 3789 327 3846 lere
342 3787 359 3845 3
376 3787 463 3845 lineas
475 3788 590 3865 longum
604 3789 745 3864 latumque
760 3789 788 3845 in
808 3789 999 3866 superioribus
1019 3812 1068 3868 pro
1088 3794 1259 3869 longitudine
1274 3813 1381 3871 angus-

272 3890 326 3947 tius
342 3891 449 3948 acutius
465 3903 491 3948 et
508 3891 583 3948 disco
599 3891 710 3968 longius
728 3892 943 3952 tuberculatum.
962 3895 1073 3973 Species
1094 3898 1180 3974 propia
1201 3898 1235 3955 Α.
1254 3896 1382 3973 plancam

271 3991 490 4072 etporvisoliom
505 3994 663 4052 collocanda
686 3995 720 4053 ab
744 3999 859 4074 utraque
882 3998 953 4056 loliis
975 3999 1158 4059 discoloribus
1181 4020 1236 4060 uon
1265 4001 1382 4078 integris

272 4095 472 4175 perigenioqua
491 4097 585 4174 majori
607 4116 661 4157 non
680 4099 814 4158 rhombeo
830 4099 968 4158 distincta.
989 4103 1021 4158 Α.
1038 4101 1191 4179 paroifola'o
1206 4103 1289 4161 habet
1302 4105 1382 4164 insu-

274 4215 322 4271 per
337 4199 511 4275 perigonium
523 4201 743 4277 integerrimum,
767 4206 799 4261 A.
819 4202 919 4277 planco
932 4203 1024 4260 caules
1038 4213 1142 4262 erectos
1157 4204 1278 4282 foliaque
1294 4208 1382 4266 multb
