3048 4780
791 336 799 364 l

763 335 806 400 lv

227 479 245 536 2
268 478 405 556 pellicana
428 481 492 536 cuc.
518 479 640 536 ‘dliueus
666 479 728 535 latu.
757 477 869 534 flaccrni
896 476 1028 532 fructiferi
1062 476 1123 550 flg,
1153 473 1219 548 poll.
1254 471 1336 544 longi.

225 583 322 640 Floras
344 592 372 640 at
396 583 517 658 capsulae
540 601 554 638 a
572 581 695 638 minimis
722 581 853 638 sectionis
871 580 912 638 ais
934 578 972 634 H.
992 578 1164 653 inconspicui
1182 575 1265 632 Tlrib.
1284 575 1340 631 fere

226 685 358 741 minores.
377 683 506 741 Padicelli
519 683 650 740 fructiferi
667 681 766 738 lineam
787 680 828 738 vol
841 680 1051 757 sesqui-lineam
1062 679 1146 754 longi.
1157 678 1222 736 Haec
1233 677 1340 753 species

224 787 257 843 ab
280 786 315 847 H.
332 787 507 862 inconspicua
524 785 621 852 'flrib.,
642 785 679 842 H.
696 785 813 860 praecoci
833 782 933 841 Salzm.
955 793 982 840 et
1000 783 1035 842 H.
1058 779 1231 839 eriocauloni
1250 778 1340 836 Duual

226 907 288 964 quae
302 890 393 946 omnia
410 888 481 947 inter
501 907 531 947 se
551 899 578 945 et
599 887 632 944 ab
657 887 694 943 H.
716 895 825 962 pultato
844 897 938 944 nostro
962 904 1047 943 sensu
1067 883 1195 961 specifice
1211 882 1342 940 differunt

226 990 369 1067 pedicellis
393 994 476 1050 etiarn
497 992 642 1050 fructiferis
663 990 836 1048 brevissimis
865 1007 914 1046 nec
937 990 1049 1065 capsula
1067 987 1239 1063 longioribus
1265 985 1341 1041 facile

224 1096 413 1172 distinguitur.
438 1096 474 1153 H.
498 1097 705 1172 inconspicuum
728 1095 842 1171 insuper
865 1093 948 1150 babet
974 1093 1062 1168 petala
1087 1091 1179 1167 calyce
1204 1090 1340 1152 breviora,

226 1199 261 1255 H.
272 1219 381 1276 proeaoa
400 1201 548 1276 pedicellos
563 1199 767 1275 hispidissimos
786 1199 875 1256 fructu
893 1197 1043 1273 longiores,
1065 1195 1103 1251 H.
1122 1191 1283 1252 eriuaaalon
1297 1211 1341 1248 se-

225 1303 284 1378 pala
301 1313 386 1362 exter.
406 1303 568 1361 subcordata
593 1303 754 1378 fructusque
770 1301 829 1359 laxe
847 1319 1015 1358 racemosus.
1032 1300 1136 1356 Eodem
1155 1295 1281 1372 pedicelli
1293 1314 1343 1352 ca-

226 1415 329 1464 ractere
341 1406 561 1482 gaudetquoque
573 1405 609 1461 H.
628 1403 1126 1463 baterarloaumDum—imbricatuni
1143 1402 1344 1476 Lag—scor-

224 1511 329 1586 pioides
345 1510 425 1569 Cass
443 1510 508 1568 Not.
520 1510 558 1585 pl.
577 1509 643 1585 Esp.
661 1507 738 1566 tudo
750 1507 825 1585 quod
841 1506 958 1564 floribus
971 1506 1053 1582 triplb
1070 1503 1219 1580 majoribus
1232 1501 1346 1578 sepalis-

228 1631 282 1688 que
293 1612 473 1670 exterioribus
485 1613 541 1670 basi
558 1613 675 1669 cordatis
690 1611 837 1668 interiores
852 1610 1049 1686 superantibus
1067 1609 1199 1666 caetarirm
1216 1626 1230 1663 a
1249 1614 1344 1662 nostro

230 1717 312 1791 lange
330 1715 420 1773 distat.
447 1716 485 1771 H.
505 1713 722 1793 rrvacrosepalani
746 1715 820 1775 Dan.
846 1733 860 1770 a
886 1714 964 1771 nobis
987 1715 1013 1770 in
1031 1713 1163 1790 Hispania
1182 1709 1294 1768 australi
1319 1719 1346 1766 et

231 1819 315 1896 prop'e
327 1820 474 1895 Tingidem
495 1837 605 1895 quoque
623 1819 731 1876 abunde
750 1819 851 1875 lectum
871 1818 993 1893 speciem
1007 1817 1040 1873 ab
1060 1817 1093 1872 H.
1110 1824 1217 1889 pultato
1236 1830 1345 1888 quoque

230 1919 465 1977 distinctissimam
486 1919 569 1976 sistit.

269 2071 304 2128 H.
321 2087 471 2128 vvscunruu
484 2071 573 2130 Boiss
589 2081 615 2128 et
631 2071 714 2130 Raut.
729 2069 817 2148 (Soet.
835 2069 1121 2148 Eabeliantlvamunr.)

269 2225 306 2280 H.
332 2223 481 2280 dumosam
503 2222 639 2299 pumilum
666 2221 886 2280 ramosissimum
908 2222 1037 2279 omnibns
1061 2221 1184 2298 partibus
1210 2217 1347 2294 glandulis

231 2326 360 2402 stipitatis
377 2325 492 2383 viscosis
507 2325 683 2382 creberrimis
698 2325 820 2382 minimis
839 2326 959 2383 obsitum
980 2325 1190 2400 griseo-virens,
1210 2321 1293 2379 ramis
1312 2321 1347 2376 li-

232 2430 327 2504 guosis
352 2427 530 2486 densiusculb
553 2427 671 2496 salietis,
700 2428 771 2487 foliis
796 2428 899 2486 infimis
925 2427 1213 2504 olliptico-linearibus
1239 2424 1345 2483 caeteris

231 2529 381 2588 linearibus
406 2529 535 2587 omnibus
554 2529 611 2587 bosi
633 2531 782 2588 attenuatis
799 2532 922 2607 margine
948 2531 1082 2588 revolutis
1107 2530 1212 2588 obtusis
1237 2528 1346 2584 muticis

230 2635 274 2692 vol
287 2653 420 2692 mucrona
434 2633 568 2691 setiformi
584 2632 659 2691 brevi
674 2633 826 2692 terminatis
837 2633 1055 2711 erecto-patulis,
1074 2632 1184 2710 stipulis
1200 2630 1346 2690 sessilibus

231 2739 277 2797 fol.
288 2737 394 2815 t-o-pto
403 2737 568 2806 minoribuS,
577 2737 694 2795 racemis
707 2737 898 2796 terminalibus
909 2737 1040 2796 secundis
1051 2737 1237 2796 densiusculis
1246 2737 1347 2794 abbre-

231 2844 309 2900 viatis
326 2842 481 2909 bracteatis,
498 2840 615 2899 bracteis
633 2840 785 2898 linearibus
806 2841 939 2900 revolutis
958 2841 1093 2918 pedicello
1112 2839 1283 2898 brevioribus
1303 2839 1347 2897 vel

230 2944 407 3021 aequilougis,
438 2943 540 3020 sepalis
564 2943 878 3018 stipitato-glandulosis
907 2943 927 3000 2
953 2943 1136 3002 exterioribus
1160 2942 1282 3001 minimis
1314 2943 1343 2998 li·

232 3043 501 3119 nean-spathulatis,
526 3044 703 3101 interioribus
725 3043 813 3101 ovatis
832 3048 960 3103 concavis
985 3047 1183 3104 rnucronulmis
1209 3045 1345 3123 praeterd

232 3158 323 3205 costas
335 3147 438 3205 validas
452 3147 574 3205 elevatas
589 3147 708 3206 viscidas
721 3147 867 3224 diapbanis
881 3150 1002 3207 enerviis
1017 3150 1152 3226 profunde
1164 3151 1288 3217 sulcatiS,
1304 3167 1346 3224 pe-

232 3249 293 3306 talis
304 3248 372 3306 albis
385 3248 441 3306 basi
458 3249 565 3306 maculd
579 3247 650 3306 ssavd
667 3250 779 3318 notatis,
799 3250 940 3327 pedicellis
960 3251 1108 3310 fructiferis
1130 3253 1259 3310 tenuibus
1283 3270 1348 3308 con-

234 3354 315 3411 tortis
335 3353 464 3431 pendulis
489 3353 609 3431 capsulae
631 3354 860 3431 subaequilongis,
881 3354 994 3430 capsula
1016 3355 1178 3414 brevissimi
1199 3357 1251 3414 sub
1273 3355 1346 3414 lente

233 3455 295 3530 pilis
315 3455 480 3513 fasciculatis
498 3454 656 3514 tomentella
676 3456 891 3513 ovato-rotundi
907 3456 1004 3514 obtuse
1028 3458 1134 3533 trigona
1151 3459 1244 3536 calyce
1265 3458 1347 3536 puulb

234 3559 363 3616 breviori.

273 3661 344 3718 Hab.
369 3663 396 3718 in
420 3664 524 3721 eistetis
548 3663 729 3721 Mauritaniae
750 3663 820 3720 circa
849 3665 924 3722 Oran
942 3665 1035 3724 multis
1055 3667 1121 3726 locis
1142 3667 1235 3744 (April
1259 3664 1346 3732 lssdfl,

235 3763 325 3822 Roiss
343 3773 370 3819 ot
391 3763 491 3840 Reut.)

274 3864 414 3923 Suffrutox
429 3866 507 3924 8-tu
521 3869 657 3944 polliceris
676 3872 758 3928 ramis
775 3873 877 3929 crebris
901 3873 1065 3950 plerumque
1087 3875 1185 3932 crectis
1202 3872 1347 3930 dumulum

236 3971 355 4029 densum
378 3969 570 4040 formantibus,
592 3971 654 4030 lolia
679 3974 841 4033 intermedia
864 3975 916 4032 4-5
943 3975 1029 4033 lineas
1052 3977 1132 4053 longa
1158 3977 1258 4032 lincam
1284 3976 1346 4041 lata,

237 4077 319 4134 flores
342 4074 540 4152 magnitudinis
562 4094 657 4135 eorum
684 4078 721 4134 H.
746 4077 861 4136 violacei
882 4089 909 4136 ot
924 4083 1057 4137 vacantasi
1074 4095 1100 4137 ot
1118 4079 1232 4137 linearis
1248 4078 1348 4156 quibus

237 4179 326 4238 affinis
342 4189 393 4250 ost,
413 4181 461 4240 sod
478 4201 490 4239 n
508 4182 607 4258 quibus
621 4194 649 4240 ut
662 4183 695 4241 ab
707 4183 834 4242 omnibus
847 4187 977 4244 sectionis
995 4185 1101 4241 cancris
1118 4184 1250 4257 neglectis
1269 4181 1346 4238 indu-
