3048 4780
687 342 733 408 23

194 489 317 548 Plautula
339 488 434 546 habitu
460 488 509 564 Sp.
534 483 693 543 subalatam
719 484 833 542 omniuo
856 485 980 542 relerens
996 484 1044 542 sed
1061 483 1225 560 pedunculis
1244 492 1269 539 et

157 595 225 653 loliis
247 596 328 651 etiam
351 593 536 658 tenuioribus,
569 591 613 648 bis
636 590 824 667 longioribus,
855 590 926 648 loliis
946 590 1056 648 breviirs
1086 591 1265 655 mucronatis,

157 696 266 754 lloribus
283 695 436 752 minoribus
461 693 600 751 distincta.
623 693 689 767 Sag.
712 690 871 749 sabulataa
891 695 986 750 uostrd
1007 693 1123 769 iusuper
1144 693 1271 748 lacillimb

157 799 325 876 dignoscitur
348 797 447 872 petalis
476 796 598 872 calycem
624 795 809 870 aequantibus,
835 795 937 870 sepelis
960 793 1104 851 evidenter
1132 794 1269 859 nervosis,

157 900 269 976 capsulal
288 898 410 976 calyccur
434 897 478 954 vix
500 896 580 953 tertid
594 904 672 972 parte
697 895 850 972 superanti.
876 895 906 952 S.
929 893 1061 952 saxatilis
1077 895 1202 953 caulibus
1219 895 1274 952 dil-

158 1005 235 1071 lusis‚
253 1003 418 1080 pedunculis
433 999 726 1074 abbreviatisglabris3
746 999 775 1057 S.
789 998 888 1073 plabra
900 1001 946 1057 W.
963 1000 1089 1057 caulibus
1104 999 1213 1056 dillusis
1229 1018 1270 1054 ra-

158 1105 322 1171 dicantibus‚
340 1101 438 1181 petalis
455 1101 547 1179 calyce
564 1100 649 1177 duplb
665 1101 836 1177 longioribus
852 1102 963 1178 longiits
976 1101 1118 1162 differunt.

197 1208 334 1263 Arenaria
348 1204 616 1280 obtusisloraKuuze
629 1203 725 1262 Chlor.
742 1203 822 1279 Hisp.
841 1219 873 1260 u⁰
883 1203 920 1260 83
937 1215 978 1262 est
992 1207 1024 1260 A.
1046 1203 1276 1261 Conimbriaeusis

161 1311 234 1366 Brut.
251 1307 406 1366 secuudum
423 1305 658 1383 comparationem
684 1322 748 1361 curn
770 1304 969 1381 speciminibus
987 1304 1071 1381 hujus
1089 1306 1116 1361 in
1133 1305 1277 1362 Lusitania

160 1431 172 1467 a
187 1412 222 1470 cl.
238 1409 429 1470 Weluitsobio
446 1408 534 1466 lectis.

201 1562 384 1618 Loarrtruotu
402 1561 542 1617 Ganrrtua
558 1558 646 1616 Roiss.
666 1570 692 1615 et
707 1559 823 1616 Rcuter.

204 1714 238 1772 L.
258 1723 312 1769 tota
334 1709 624 1788 glandulosaviscida,
642 1728 784 1766 ramorum
801 1709 939 1768 lloralium
955 1711 1117 1768 internodiis
1132 1712 1185 1770 sub
1199 1713 1277 1770 elon-

163 1817 244 1894 gatis,
268 1815 340 1872 loliis
358 1812 611 1870 lineari-subulatis
628 1813 808 1880 mucronatis,
827 1813 937 1888 stipulis
953 1814 1069 1871 setaccis
1086 1814 1149 1872 lolio
1166 1813 1281 1870 dimidib

164 1916 336 1974 brevioribus
351 1933 416 1972 cum
431 1933 464 1972 eo
481 1925 559 1991 parte
575 1913 688 1970 linitura
706 1914 827 1970 inferiori
843 1913 960 1983 coalitis,
977 1915 1092 1973 floribus
1107 1917 1134 1972 iu
1151 1916 1281 1974 dichoto-

167 2019 229 2075 miis
242 2017 386 2076 sessilibus
397 2026 424 2074 et
435 2015 469 2074 ad
484 2015 656 2073 ramulorum
668 2015 774 2091 apicem
791 2015 877 2073 deus'e
893 2015 1069 2084 lascicalatis,
1083 2016 1185 2093 sepalis
1199 2017 1282 2075 dorso

168 2117 880 2197 parcbglanduloso·puberulisoblongo-lanceolatis
895 2119 922 2176 in
939 2137 1099 2176 mucronem
1116 2119 1283 2178 abeuntibus

171 2221 279 2281 duobus
307 2222 488 2280 exterioribus
510 2222 664 2292 herbaceis‚
692 2221 778 2279 tribus
804 2221 981 2280 interioribus
996 2223 1135 2290 scariosis,
1156 2224 1211 2281 illis
1236 2243 1284 2282 au-

171 2327 253 2403 guste
269 2325 314 2383 his
330 2326 383 2383 late
397 2325 643 2400 albourargiuatis,
661 2324 843 2382 exterioribus
859 2325 980 2383 medium
996 2328 1094 2384 varsbs
1110 2328 1285 2386 interioribus

169 2429 222 2486 sub
232 2429 309 2506 apice
326 2428 455 2504 utrinque
472 2427 483 2484 l
504 2427 625 2484 aristatis
640 2425 717 2484 hisce
731 2425 879 2502 aliquaudb
895 2428 1022 2504 integris,
1044 2430 1143 2506 petalis
1159 2431 1286 2507 oblongis

171 2533 249 2608 apice
261 2530 416 2589 rotundatis
432 2531 558 2606 integris,
572 2530 737 2588 staminibus
750 2530 847 2593 tribus,
867 2531 960 2588 orario
975 2532 1202 2607 ovato-oblongo,
1214 2533 1286 2610 stylo

174 2634 267 2691 orario
282 2632 506 2708 subaequilougo,
523 2635 652 2708 stigmate
666 2633 795 2710 capitato.

215 2734 339 2790 lucultis
357 2734 483 2791 arenosis
504 2734 612 2791 Baeticae
630 2737 715 2811 prope
738 2736 842 2794 Puerto
868 2736 957 2794 Sauta
981 2736 1074 2792 Maria
1095 2737 1173 2812 (lun.
1198 2736 1286 2805 1849,

175 2837 306 2909 Reutar.)

214 2942 280 3000 llaec
294 2941 386 3018 planta
410 2940 461 3000 etsi
483 2941 573 3018 prima
596 2940 663 2998 lario
685 2940 713 2998 L.
739 2941 900 3018 Hispaniae
920 2942 1059 3000 simillima
1085 2944 1119 3002 ab
1141 2947 1173 3002 ed
1198 2957 1288 3003 tarneu

175 3049 248 3105 notis
263 3047 445 3124 sequentibus
459 3045 570 3104 differre
586 3045 665 3104 nobis
682 3046 740 3104 visa
760 3057 812 3104 est.
838 3047 928 3104 Herba
946 3047 1037 3106 miuus
1054 3048 1289 3124 viscidoglandu-

178 3151 247 3218 losa‚
263 3151 358 3227 sepala
382 3151 464 3226 paulb
483 3150 606 3225 longiora
632 3162 698 3207 suat
722 3150 822 3207 lineam
851 3151 933 3226 langa
955 3152 1085 3209 interiora
1107 3153 1181 3228 saepb
1203 3151 1291 3228 spinis

179 3253 339 3312 lateralibus
351 3253 493 3322 destituta,
510 3253 599 3330 petala
615 3255 720 3330 integra
739 3273 789 3313 neo
805 3257 974 3332 emarginata
992 3257 1072 3334 (uota
1083 3275 1145 3332 quae
1159 3257 1291 3313 caeterirnr

177 3359 205 3414 in
224 3358 253 3414 L.
272 3357 431 3434 Hispanicd
444 3375 499 3415 uou
516 3358 595 3416 nabis
610 3368 685 3416 certa
704 3377 766 3416 esse
787 3359 1019 3437 uidetur),stylus
1039 3363 1163 3417 orarium
1179 3377 1293 3435 aequans

177 3479 230 3520 nac
243 3479 277 3520 eo
293 3461 405 3520 dimidio
423 3461 543 3530 brevior,
562 3462 664 3537 stigma
677 3462 825 3538 capitatum
842 3481 892 3520 uec
912 3461 1044 3520 trifidum.
1068 3463 1216 3539 Capsulaur
1233 3482 1294 3521 ma-

179 3581 270 3624 turam
287 3584 341 3623 uon
358 3564 488 3623 vidimus.

223 3717 423 3774 Loaarriruom
438 3735 597 3776 utcnaurrra
613 3717 703 3776 Boiss.
718 3727 745 3774 et
761 3717 845 3776 Raut.
884 3785 888 3791 ⁵

222 3871 257 3929 L.
276 3878 330 3926 tuta
345 3868 508 3928 brevissime
526 3869 865 3946 glaudulosoriscidulaa
881 3871 937 3928 basi
952 3889 1072 3942 ramosa,
1091 3875 1174 3930 ramis
1191 3872 1296 3949 gracili-

180 3972 245 4039 bus,
259 3970 331 4028 loliis
342 3969 512 4028 brevissimis
526 3971 614 4029 acutis
629 3970 866 4040 lineari-setaoeis,
885 3972 995 4049 stipulis
1010 3975 1127 4033 sataoeis
1142 3975 1208 4032 lolio
1230 3973 1294 4027 sub-

182 4074 347 4152 aequilougis
369 4092 432 4132 cum
455 4093 487 4132 eo
502 4093 516 4132 a
532 4084 607 4151 parte
619 4074 731 4132 dimidia
743 4075 851 4132 inferne
862 4076 968 4134 coalitis
985 4087 1012 4134 at
1024 4079 1106 4134 secbs
1125 4077 1150 4132 id
1165 4077 1192 4131 in
1209 4093 1297 4132 mear.

183 4174 298 4232 branam
321 4175 468 4234 ciliolatam
496 4174 722 4244 decurrentibus3
746 4175 862 4234 lloribus
888 4178 914 4234 in
940 4176 1085 4234 fasciculos
1109 4177 1208 4234 breves
1234 4177 1296 4234 sub-
