3120 4772
790 329 835 393 82

248 475 281 531 ab
301 490 333 530 eo
354 472 432 529 nobis
454 471 645 529 observatione
665 471 690 526 in
713 470 772 527 loco
796 470 879 526 natali
902 479 928 526 et
950 469 1057 526 cultura
1081 468 1210 544 specifice
1236 467 1363 527 distincta

250 577 357 633 videtur
372 583 399 632 et
414 576 452 632 sic
470 574 661 650 proponenda.

289 730 490 785 Arvrraanmuu
508 742 680 784 ouuvmosuu
696 726 785 783 Roiss.
805 736 832 783 et
847 726 928 783 Rout.

288 874 321 931 Α.
345 883 433 930 totum
452 872 614 929 indumento
636 871 710 928 molli
727 871 909 946 glandulilero
927 868 1121 946 glandulisque
1139 871 1284 929 sessilibus
1314 872 1361 929 ob·

247 978 342 1041 situm,
373 953 497 1030 caulibus
527 973 635 1030 inlerne
661 973 806 1048 prostratis
832 972 1135 1048 procumbentibusque
1165 973 1364 1032 ramosissimis

248 1076 388 1152 ramisque
404 1076 571 1134 abbreviatis
597 1074 696 1132 erectis
718 1073 911 1132 crassiusculis
930 1074 1097 1149 fragillima,
1115 1075 1185 1132 loliis
1201 1074 1365 1134 brevissime

249 1182 386 1257 petiolatis
398 1182 486 1239 ovatis
501 1181 686 1256 oblongisque
702 1180 807 1239 obtusis
821 1180 863 1237 vel
878 1179 1057 1236 acutiusculis
1072 1179 1178 1236 sensim
1193 1179 1221 1235 in
1241 1178 1364 1236 bracteas

246 1283 360 1343 sessiles
375 1285 508 1361 oblongas
533 1284 577 1342 vel
600 1284 854 1360 oblongo-lineares
877 1283 905 1339 in
928 1282 1043 1339 ssoribus
1064 1281 1242 1339 inferioribus
1265 1257 1363 1340 saltem

247 1389 403 1464 pedunculo
419 1388 558 1463 longiores
573 1387 749 1456 abeuntibus,
765 1386 881 1445 racemis
902 1386 1061 1462 paucilloris
1077 1386 1244 1444 abbreviatis
1257 1385 1362 1443 laxius-

246 1489 334 1556 culis,
357 1487 460 1565 sepalis
482 1488 569 1546 ovatis
594 1487 757 1563 oblongisve
780 1487 877 1545 eadem
899 1487 1113 1564 glandulositate
1138 1488 1242 1563 duplici
1267 1487 1362 1545 obsitis

246 1590 352 1648 obtusis
370 1600 447 1666 parte
464 1591 599 1666 superiori
620 1591 734 1667 patulis,
755 1590 859 1649 corolla
882 1590 1013 1648 mediocri
1036 1592 1149 1650 externe
1175 1591 1246 1648 hirta
1261 1589 1362 1658 albida,

247 1691 336 1767 palato
360 1692 516 1760 latescenti,
535 1692 606 1750 labio
624 1693 758 1768 superiori
773 1692 873 1769 pallide
890 1710 970 1750 roseo
986 1692 1094 1752 sulluso
1112 1693 1277 1769 strictoque,
1294 1710 1363 1768 cap-

246 1791 307 1849 sulrl
322 1791 425 1849 viscidd
444 1793 521 1867 epioe
541 1793 707 1850 subincurva
723 1792 845 1870 calycem
859 1795 958 1866 parum
976 1794 1130 1852 excedenti.

299 1898 331 1950 rt.
353 1893 437 1951 mollo
451 1894 541 1953 Boiss.
564 1895 634 1972 Voy.
652 1894 714 1952 Rot.
732 1895 797 1972 Esp.
822 1896 927 1973 (quoad
943 1897 981 1973 pl.
1006 1895 1174 1976 albilloram)
1188 1915 1252 1954 cum
1271 1902 1363 1959 vend

246 1996 428 2073 eriptastifolid
442 2016 497 2056 non
521 2003 550 2057 L.
569 2031 607 2040 —-
623 2003 655 2054 A.
686 1998 873 2074 Hispanicum
892 1999 992 2056 Webb.
1010 2001 1043 2056 lt.
1065 1999 1144 2075 Hisp.
1172 2010 1199 2056 et
1214 2000 1317 2064 Bentb.
1334 2003 1362 2060 in

247 2101 305 2157 DC.
325 2100 407 2158 Prod.
423 2119 455 2157 ex
473 2113 550 2176 parte
563 2119 617 2157 non
634 2100 722 2158 Cbav.

285 2204 354 2259 Hab.
373 2205 399 2260 in
423 2203 597 2280 rupestribus
616 2205 751 2262 mentium
775 2205 988 2263 Granatensium
1009 2205 1042 2262 ab
1067 2205 1135 2264 urbe
1162 2205 1294 2264 Gronadd
1315 2208 1361 2264 ubi

246 2324 341 2362 muros
367 2306 437 2362 arcis
464 2303 616 2362 Allombro
640 2306 755 2364 adornat
779 2309 868 2384 usque
890 2310 923 2366 ad
945 2310 1100 2385 regionem.
1123 2311 1357 2389 alpinam(Boiss.

246 2407 348 2483 licut.)

286 2514 319 2568 Α.
337 2511 420 2569 molle
442 2513 476 2569 L.
496 2531 592 2569 vorum
609 2513 681 2588 quod
698 2531 801 2571 nunce
823 2515 1023 2589 speciminibus
1043 2517 1239 2594 Pyrenaeorum
1255 2517 1360 2594 Hispa-

247 2635 344 2673 norum
364 2616 493 2673 novimus
510 2614 683 2691 colimusqne
696 2616 858 2673 indumento
870 2617 932 2674 albo
950 2618 1049 2676 villoso
1064 2637 1113 2676 nec
1128 2618 1303 2696 glanduloso‚
1316 2637 1359 2677 ra-

247 2719 298 2775 mis
325 2717 460 2793 elongatis
489 2718 618 2776 omnibus
650 2717 892 2788 decumbentibus
924 2719 996 2778 loliis
1025 2721 1217 2790 subrotundis‚
1248 2721 1362 2781 floribus

247 2821 334 2878 multb
350 2820 498 2897 majoribus
518 2821 678 2898 laciniisque
696 2821 826 2899 calycinis
842 2823 1162 2882 lanceolam-linearibus
1177 2825 1264 2882 acutis
1284 2843 1363 2902 egre·

245 2924 288 2997 gie
304 2921 405 2978 dillert.
422 2925 454 2976 Α.
473 2921 656 2996 Hispanicum
677 2923 763 2980 Cbav.
783 2924 882 2979 saltem
897 2923 990 2999 planta
1006 2922 1162 2981 Castellana
1179 2927 1264 3002 supra
1281 2927 1362 2986 citata

247 3041 308 3101 quae
320 3021 497 3098 descriptioni
506 3022 540 3078 cl.
557 3021 722 3079 Chavannes
735 3033 834 3100 praeter
850 3024 993 3082 ‹bracteas
1007 3026 1142 3101 pedicello
1152 3029 1240 3088 multo
1250 3031 1361 3108 longio-

248 3145 310 3184 res»
325 3126 402 3204 (quaa
415 3134 477 3182 nota
493 3123 625 3183 caeterbm
640 3135 683 3184 sat
698 3127 852 3206 variabilis)
869 3129 939 3186 bend
954 3131 1082 3205 congruit
1096 3150 1109 3187 a
1128 3133 1221 3208 specie
1240 3133 1285 3192 bic
1297 3153 1362 3211 pro-

248 3231 336 3306 posita
352 3227 444 3286 dillert
467 3227 631 3286 indumento
654 3230 753 3288 virenti
776 3248 826 3288 nec
846 3231 1058 3307 cano-griseoe
1084 3232 1222 3308 glandulis
1244 3235 1363 3294 breviter

247 3333 376 3409 stipitatis
391 3332 543 3395 constanti,
569 3331 693 3389 caulibus
717 3332 805 3390 multb
824 3333 1028 3410 procerioribus
1050 3335 1101 3392 Ἡ
1117 3335 1272 3412 pedalibus,
1290 3337 1362 3397 loliis

247 3435 537 3512 oblongo-lanceolatis
555 3435 769 3512 lanceolatisque
786 3436 873 3493 multb
889 3436 1064 3512 longioribus
1082 3448 1108 3495 et
1124 3457 1173 3515 pro
1188 3439 1362 3516 longitudine

248 3536 465 3610 angustioribus,
482 3537 598 3593 racemis
613 3536 759 3612 elongatis,
772 3536 882 3593 corollis
899 3541 1166 3612 purpurascentibus
1188 3543 1264 3600 tertia
1284 3553 1362 3619 parte

250 3636 409 3713 majoribus,
428 3636 672 3712 laciniiscalycinis
684 3637 859 3706 abbreviatis,
876 3640 989 3715 capsula
1004 3641 1131 3721 elongata
1145 3645 1264 3722 calycem
1275 3645 1362 3704 multd

250 3739 403 3797 excedenti.

287 3892 485 3948 daviannuvuu
501 3907 639 3949 aurusrau
656 3891 746 3950 aotss,
767 3902 795 3949 et
810 3893 894 3955 lleut.

290 4049 321 4105 Α.
342 4056 429 4104 totum
447 4045 509 4122 pilis
522 4046 623 4123 patulis
639 4045 737 4122 crispis
753 4045 895 4125 hispidum
915 4051 1063 4122 viscidum,
1080 4054 1204 4112 caulibus
1218 4054 1362 4130 prostratis

250 4152 413 4210 abbreviatis
438 4149 646 4220 ramosissimis,
671 4151 755 4208 ramis
782 4150 912 4211 tenuibus
935 4153 1111 4214 tllilormibus
1135 4156 1361 4235 simpliciusculis
