3048 4780
769 331 815 396 Ὦ

281 511 422 572 Durruos
445 514 570 574 Bnorrnr
588 517 677 576 Boiss.
692 531 718 575 et
735 517 818 576 Reut.
837 519 925 595 (Soet.
948 518 1190 596 Coryopbyllma.)

277 665 312 723 D.
332 665 463 741 perennis
475 666 533 723 basi
548 666 756 734 sullruticosus‚
772 666 891 724 surculis
906 667 1046 724 sterilibus
1058 666 1229 724 brevissimis
1245 666 1349 723 foliosis

235 766 264 823 in
279 766 419 841 caespitem
431 765 464 823 ad
482 767 601 824 caulium
620 767 697 825 basin
714 768 854 833 conlectis,
877 769 1002 826 caulibus
1018 769 1154 826 fertilibus
1171 768 1291 826 brevitor
1307 767 1350 825 lo-

238 874 314 932 liosis
328 876 428 932 crectis
449 872 621 948 simplicibus
636 871 680 929 vel
706 872 786 948 parce
802 873 917 930 ramosis
932 873 965 930 ad
983 873 1070 930 nodos
1087 873 1256 940 incrassatis,
1277 871 1350 929 loliis

236 978 354 1052 auguste
370 976 520 1033 linearibus
542 976 630 1032 acutis
648 975 738 1052 planis
764 975 808 1032 vel
829 976 1016 1034 canaliculatis
1039 976 1139 1033 subtus
1156 994 1242 1032 nervo
1260 974 1350 1032 medio

237 1079 389 1137 incrassato
409 1080 549 1156 percursis
570 1081 695 1155 margine
718 1080 781 1155 plus
801 1078 929 1136 minusve
948 1079 1052 1136 scabris
1075 1078 1199 1154 rigidulis
1222 1077 1352 1135 surculo-

237 1201 298 1239 rum
320 1184 383 1259 plus
410 1183 536 1240 minusve
566 1182 712 1258 elongatis,
738 1182 855 1240 caulinis
883 1181 1039 1240 internodio
1063 1182 1151 1239 multo
1178 1179 1351 1239 brevioribus

238 1285 351 1353 strictis,
368 1285 465 1360 vagina
479 1285 535 1344 lolii
550 1285 723 1343 latitudinem
735 1304 791 1342 nou
802 1286 956 1361 superanti,
970 1285 1085 1343 lloribus
1098 1285 1227 1343 solitariis
1243 1285 1349 1361 pedun-

239 1390 353 1457 culatis,
379 1389 504 1464 squamis
528 1389 659 1465 calycinis
683 1387 900 1464 pubescentibus
913 1385 987 1444 8-to
1008 1387 1050 1445 nis
1065 1387 1150 1465 calyci
1166 1387 1240 1444 arct‘e
1257 1385 1354 1444 imbri-

237 1493 304 1550 catis
326 1491 619 1568 oblongo-lanceolatis
648 1490 817 1549 acutissimis
843 1491 971 1568 margine
996 1491 1096 1548 eximie
1122 1489 1251 1548 ciliatulis
1274 1499 1353 1566 parte

238 1596 374 1670 superiori
392 1605 497 1652 lantum
511 1595 610 1672 pallide
627 1594 778 1652 virentibus
794 1595 907 1662 strictis,
924 1592 1016 1671 calyce
1030 1593 1113 1670 longo
1128 1593 1279 1671 cylindrico
1302 1612 1354 1650 su-

238 1700 323 1774 perne
341 1701 489 1758 constricto
511 1701 630 1757 tenuiter
651 1699 746 1757 striato
773 1699 871 1774 glauco
896 1697 1039 1756 indentes
1062 1698 1230 1756 lanceolatos
1255 1706 1354 1755 acutos

238 1804 374 1860 ciliatulos
385 1804 509 1872 abeunti,
529 1804 626 1880 petalis
642 1803 730 1860 roseis
746 1802 1001 1860 obovato·cuneatis
1017 1802 1044 1857 in
1068 1820 1190 1878 unguem
1205 1801 1355 1859 attenuatis

239 1906 272 1962 ad
290 1907 326 1982 Ἴ,
342 1906 384 1962 rol
402 1907 435 1963 ad
455 1906 577 1963 medium
598 1907 687 1982 usque
708 1906 881 1964 extremitate
905 1905 1050 1962 fimbriatis
1068 1904 1218 1962 lateraliter
1239 1905 1355 1980 integris

239 2011 361 2086 superne
375 2009 407 2067 ad
421 2010 498 2067 basin
515 2011 624 2069 laminae
639 2011 837 2087 squamulosis.

279 2113 349 2170 Hab.
364 2113 390 2170 in
406 2114 482 2170 omni
498 2115 611 2188 regiona
626 2114 713 2172 calida
730 2115 882 2173 Lusitania
903 2114 1031 2173 australis
1046 2114 1156 2193 (Brut.)
1170 2123 1198 2171 ct
1214 2113 1357 2190 Hispanico

240 2235 253 2271 a
269 2217 391 2274 Gadibus
409 2217 443 2274 ad
458 2237 575 2293 regnum
592 2218 757 2276 blurcicum.
775 2218 882 2295 (Boiss.
899 2217 1018 2295 baurg.)

285 2320 317 2377 D.
348 2318 502 2376 serralotos
532 2320 622 2378 Boiss.
646 2321 715 2398 Voy.
742 2321 803 2378 Rot.
830 2321 895 2397 Esp.
922 2331 940 2378 t.
962 2320 1000 2378 23
1023 2339 1086 2378 cum
1103 2338 1160 2378 var,
1180 2319 1354 2396 crovadislord

240 2442 294 2480 non
309 2423 484 2482 Desl.—D.
500 2424 656 2502 fimbriatos
671 2424 746 2482 Brot.
761 2443 815 2481 non
831 2424 869 2480 lll.
888 2425 920 2482 B.

279 2525 318 2580 Ex
333 2524 531 2601 speciminibus
542 2525 620 2582 nobis
640 2525 673 2582 ab
694 2527 862 2583 amicissimo
879 2525 984 2583 Durieu
1002 2545 1034 2582 er
1057 2527 1146 2585 Africa
1162 2526 1264 2585 boreali
1285 2527 1352 2584 mis-

239 2627 278 2684 sis
293 2638 320 2685 ct
332 2628 508 2704 descriptioni
527 2629 737 2687 Fontanesianac
752 2629 822 2687 beub
843 2630 1060 2705 congruentibus
1085 2630 1213 2688 novimus
1231 2629 1352 2707 plantam

240 2731 418 2809 Hispanicum
441 2732 474 2789 ab
498 2733 624 2791 lllricanl
644 2734 717 2791 certb
741 2733 862 2791 differre.
890 2734 955 2791 llaec
973 2732 1055 2790 babet
1075 2733 1182 2792 caulem
1199 2753 1212 2790 a
1230 2733 1288 2791 basi
1308 2732 1353 2789 di-

241 2833 369 2892 chotome
383 2836 602 2894 ramosissimum
617 2836 736 2894 surculis
750 2835 891 2894 sterilibus
906 2835 1081 2911 destitutum,
1103 2836 1165 2893 lolia
1180 2836 1272 2893 omnia
1287 2853 1352 2894 cau·

241 2936 308 3007 lina,
325 2938 448 3006 flaccida,
466 2939 572 3007 latiora,
589 2939 743 2996 internodia
758 2939 906 3014 aequantia,
922 2940 1007 2996 llores
1023 2940 1098 2996 utait
1115 2939 1297 2998 Fontaucsius
1312 2939 1355 2998 eis

242 3039 278 3097 D.
293 3038 429 3117 plumarii
446 3042 501 3098 ler‘e
518 3040 603 3118 duplb
620 3041 742 3098 minores
757 3060 807 3099 nec
824 3052 852 3099 ut
867 3043 894 3098 in
911 3042 948 3100 D.
967 3042 1079 3098 Brotcri
1100 3043 1240 3118 longiores
1255 3056 1282 3100 et
1296 3060 1352 3100 ma·

241 3147 326 3221 jures,
344 3146 431 3222 petala
447 3147 568 3222 superne
584 3145 694 3223 papillis
709 3146 839 3204 destituta
854 3147 958 3204 ratione
974 3146 1075 3224 calycis
1090 3147 1178 3204 multb
1194 3147 1311 3205 minora.

281 3299 383 3358 Statuit
396 3297 573 3356 Nemorensis
585 3298 676 3358 Boiss.
690 3307 717 3356 et
731 3299 815 3358 Reut.

282 3449 310 3504 S.
324 3449 454 3524 perennis
466 3449 652 3526 caespitulosa,
669 3448 794 3506 caulibus
809 3447 939 3506 brevibus
953 3447 1127 3507 lililormibus
1141 3449 1244 3525 glabris
1256 3448 1356 3507 erectis

243 3553 358 3619 loliosis,
377 3554 448 3611 loliis
464 3553 695 3610 lineari-setaceis
710 3550 840 3608 brevibus
862 3551 1031 3609 mucronntis
1046 3552 1148 3628 glabris
1169 3552 1259 3611 rutilis
1273 3552 1357 3629 slipi—

245 3656 499 3732 talo-glandulosis,
523 3654 689 3733 pedunculis
714 3654 830 3710 setaceis
853 3652 1022 3728 longissimis
1046 3652 1358 3732 stipitato-glandulcsis

244 3760 384 3820 alelloratis
399 3759 559 3816 nutantibus
575 3758 722 3815 lructileris
738 3760 848 3821 erectis,
866 3759 967 3833 sepalis
985 3757 1228 3834 elliptico-oblosis
1243 3756 1357 3815 omnino

244 3863 392 3922 enervibus
412 3861 513 3936 glabris
529 3861 572 3919 vel
598 3860 779 3936 glandulosiS,
802 3862 899 3939 petalis
924 3863 1011 3920 oratis
1026 3862 1132 3920 obtusis
1156 3863 1249 3939 calyce
1275 3858 1358 3937 paulb

247 3966 428 4034 brevioribus,
448 3965 589 4043 capsula&
605 3966 675 4022 ralvi
693 3965 785 4044 calyce
800 3966 885 4042 duplo
902 3967 1029 4041 longiori.

285 4073 355 4131 Hab.
376 4074 401 4131 in
421 4073 532 4130 tumosis
549 4072 669 4148 regionis
687 4071 787 4147 alpinae
803 4071 904 4129 Siemn
930 4070 1042 4126 Ncautlo
1058 4088 1142 4146 snpra
1165 4067 1264 4126 vallem
1280 4067 1357 4123 llnvri

247 4177 393 4240 illonocbil.
414 4177 544 4256 (uenter,
558 4177 615 4236 lot.
636 4174 740 4252 1849.)
