3120 4772
729 353 774 418 87

195 499 312 554 bracteas
329 497 502 572 capsulaque
519 493 750 569 subaeqnilongis,
767 492 866 569 calycis
889 491 995 548 laciniis
1014 490 1308 567 oblongo-lanceolatis

193 602 278 656 aciatis
294 600 383 667 birtiS,
408 598 512 656 corolla
534 595 645 652 estriatr't
668 593 789 650 vitellint
816 593 905 668 palato
931 592 1082 660 concolori,
1109 591 1214 648 calcare
1232 593 1308 667 apice

193 703 269 759 valde
286 712 429 758 attenuato
453 702 567 756 incurvo
590 697 702 754 corollae
724 696 894 772 aequilongo,
918 695 1072 752 seminibus
1088 694 1310 753 convexo-disci-

193 805 326 862 tormibus
340 803 455 861 laevibus
472 799 875 874 membranaceo-margiuatis.

233 909 266 964 L.
286 909 389 984 supina
410 925 469 963 var.
487 902 668 982 oblonpifolia
685 903 774 960 Boiss
794 903 864 980 Voy.
878 903 938 960 Rot.
956 903 1022 978 Esp.

239 1008 308 1064 Hab.
332 1009 404 1064 inter
420 1017 531 1082 segetes
553 1005 655 1062 montis
680 1004 776 1060 Sierrn
798 1005 830 1062 de
850 1005 1007 1080 Antequam
1027 1003 1192 1082 (Prolong0,
1209 1003 1312 1081 Reut.)

236 1111 333 1167 Allinis
345 1109 537 1187 polymorphae
549 1109 581 1165 L.
591 1109 698 1184 supinae
710 1112 828 1185 quacum
842 1127 901 1166 eam
915 1109 981 1165 olim
993 1109 1148 1167 boissierus
1157 1111 1311 1185 conjunxe-

195 1227 235 1272 rat
256 1214 304 1271 sed
322 1215 382 1269 viva
402 1213 556 1270 altentare
580 1213 734 1269 examinata
757 1213 790 1269 ab
805 1215 837 1270 ea
856 1213 964 1269 diversa
981 1210 1053 1269 loliis
1071 1211 1240 1270 verticillatis
1260 1213 1312 1270 ob-

196 1318 286 1392 longis
312 1334 361 1374 nec
379 1316 539 1383 linearibus,
558 1315 700 1391 pedicellis
724 1316 911 1392 longioribus,
936 1315 1050 1374 floribus
1075 1317 1212 1374 intensius
1234 1317 1311 1374 ssavis

197 1439 251 1477 non
270 1419 385 1487 striatis‚
409 1419 493 1476 idest
512 1419 585 1475 notis
603 1418 658 1476 lere
671 1419 769 1476 iisdem
789 1419 890 1494 quibus
901 1418 932 1477 L.
946 1420 1091 1477 Anticaria
1108 1419 1165 1477 aL.
1184 1421 1258 1477 tristi
1268 1421 1312 1478 di-

196 1523 357 1598 stinguitur.
382 1522 498 1578 Habitus
515 1521 720 1596 quodammodo
737 1522 767 1580 L.
784 1519 967 1599 platycelpcis
982 1522 1083 1598 calycis
1098 1523 1204 1580 laciniis
1226 1524 1312 1580 ovatis

199 1636 265 1692 ete,
283 1623 492 1681 diversissimae.

240 1779 361 1835 Liuium
376 1776 554 1832 Nsvaouusrs
582 1775 671 1832 Bniss,
689 1787 715 1833 et
731 1775 816 1833 Reut.
840 1775 925 1854 (Sect.
947 1777 1150 1834 Lino-riastrunr
1163 1777 1241 1836 subs.
1261 1777 1316 1834 Sn-

199 1881 301 1958 pinon).

241 2035 275 2092 L.
303 2051 394 2090 annua
418 2031 586 2088 multicaulis
613 2031 738 2089 caulibus
761 2032 1007 2108 procumbentibus
1030 2032 1073 2090 vel
1101 2033 1315 2092 ascendentibus

202 2137 367 2196 abbreviatis
378 2135 554 2192 fililormibus
570 2135 715 2192 conlertim
732 2135 849 2204 loliosis,
867 2134 937 2192 loliis
952 2137 1057 2212 sparsis
1073 2136 1116 2194 vel
1128 2136 1315 2213 suboppositis

201 2239 303 2317 glabris
322 2237 426 2314 glaucis
448 2237 565 2311 anguste
587 2236 736 2294 linearibus
758 2238 845 2294 acutis
865 2239 989 2314 margine
1011 2239 1144 2296 revolutis
1168 2238 1202 2295 ob
1224 2257 1315 2296 ramos

201 2341 415 2420 procumbentes
435 2339 537 2415 saepibs
552 2339 752 2397 unilateraliter
768 2341 891 2416 dejectis,
911 2341 1026 2399 ssoribus
1045 2343 1138 2420 paucis
1154 2360 1204 2419 per
1218 2342 1315 2400 autbe-

204 2448 246 2504 sin
268 2444 394 2521 capitatis
410 2443 473 2500 dein
494 2461 634 2500 racemum
651 2443 835 2502 laxiusculum
858 2444 969 2503 brevem
988 2446 1181 2508 formantibus,
1200 2446 1317 2502 bracteis

203 2545 428 2603 lineari-setaceis
444 2544 578 2620 pedicello
594 2545 758 2604 brevissimo
774 2547 922 2624 calyceque
934 2547 1205 2623 glanduloso-hirtiS‚
1217 2547 1317 2623 calycis

203 2649 309 2707 laciniis
331 2648 567 2722 lineari-oblongis
593 2649 693 2716 acutis,
716 2650 819 2707 corolla
843 2653 952 2708 estriata
976 2651 1047 2707 flava
1063 2649 1154 2725 palato
1170 2650 1317 2707 subinten-

203 2752 281 2820 siori,
297 2751 402 2808 calcare
423 2749 552 2808 subulato
575 2749 744 2808 subincurvo
763 2751 868 2809 corolla
883 2751 1013 2821 breviori,
1030 2753 1183 2810 seminibus
1204 2752 1318 2810 minutis

203 2852 545 2912 convexo-disciformibus
570 2852 955 2928 membranaceo-marginatis
978 2856 1108 2933 utrinque
1127 2856 1205 2921 valde
1226 2855 1316 2916 tuber·

204 2958 311 3017 culatis.

245 3065 275 3122 L.
291 3065 394 3140 supina
409 3081 467 3119 var.
486 3061 653 3119 Novaniensis
670 3064 761 3122 Boiss
780 3065 850 3141 Voy.
866 3066 927 3122 [lot.
941 3067 1007 3142 Esp.

245 3167 315 3223 Hab.
333 3167 360 3221 in
376 3165 510 3240 glareosis
534 3174 561 3222 et
580 3164 662 3220 cultis
684 3166 808 3222 arenosis
830 3167 932 3224 montis
959 3167 1055 3225 Sierro
1080 3167 1194 3227 Nevndo
1210 3169 1316 3247 (Bniss.

205 3268 307 3345 Rent.)
329 3268 356 3324 in
381 3266 524 3324 altissimis
551 3265 664 3342 Alpium
687 3265 894 3324 Asturiensium
917 3268 952 3325 cl.
980 3268 1098 3338 Durien,
1126 3285 1160 3326 n0
1181 3271 1251 3334 259,
1269 3272 1321 3328 sub

212 3374 242 3430 L.
262 3371 377 3448 supinat.

246 3476 312 3534 Haec
335 3474 426 3551 planta
450 3473 516 3531 olim
540 3473 574 3532 L.
597 3473 705 3550 supinae
725 3480 840 3549 propter
861 3471 945 3548 bujus
970 3474 1073 3550 speciei
1099 3473 1321 3552 polymorpbiam

212 3580 346 3637 associata
362 3578 444 3636 alteri
463 3577 657 3636 observatione
672 3576 705 3634 ab
720 3578 752 3634 ea
766 3575 935 3634 renrovenda
960 3586 1018 3646 est3
1039 3577 1102 3635 lolia
1119 3577 1242 3636 tenuiora
1257 3589 1324 3637 sunt

208 3682 374 3758 plerumque
389 3680 516 3738 breviora
538 3680 655 3738 densius
671 3681 792 3738 conserta
808 3679 954 3739 carnosula
968 3679 1155 3751 subsecunda‚
1171 3681 1255 3740 flores
1270 3682 1323 3738 mi-

210 3799 292 3840 nores
310 3781 479 3839 subsessiles
503 3799 554 3838 nec
570 3780 745 3856 longibscule
767 3780 933 3857 pedicellati,
956 3782 1045 3840 calcar
1060 3781 1163 3841 corolla
1181 3783 1324 3840 evidenter

210 3884 321 3943 brevius
339 3899 389 3938 nec
406 3899 465 3938 eam
481 3900 595 3958 aeqnans
610 3882 654 3938 vel
676 3901 823 3959 superaus,
844 3885 1000 3961 praesertim
1015 3884 1122 3943 semina
1141 3885 1255 3943 dimidio
1269 3886 1320 3942 mi-

211 4009 279 4049 nora
295 3986 395 4047 eximie
411 3985 580 4044 tuberculata
596 4003 647 4044 uec
663 3986 748 4043 nitida
764 3987 852 4045 laevia.
873 3989 977 4048 Plantae
992 3989 1127 4048 Asturicae
1142 3988 1250 4047 semina
1266 4003 1324 4042 non

212 4093 266 4151 vidi
281 4093 331 4152 sed
346 4110 409 4150 cnm
422 4089 583 4148 Granatensi
599 4087 670 4146 bene
681 4106 838 4165 congruere
852 4092 972 4152 videtur.
983 4093 1062 4150 -ί,
1079 4092 1212 4167 supinam
1229 4105 1324 4146 veram

211 4195 358 4269 bucusque
373 4211 406 4253 er
428 4190 560 4268 Hispania
576 4190 689 4249 australi
704 4209 759 4250 non
775 4190 894 4251 vidimus
910 4194 994 4270 (Vide
1011 4195 1077 4251 inlrb
1093 4193 1123 4248 L.
1143 4189 1321 4270 Hunsaleri).
