3120 4772
733 351 773 412 'll

238 495 333 552 Planta
354 494 496 570 bipedalis,
517 493 581 549 lolia
593 493 726 550 inleriora
742 490 934 566 semipedalia,
956 488 1063 544 laciniis
1077 485 1237 542 lateralibus
1250 483 1318 538 bin

199 598 286 655 lineas
301 599 373 674 smpb
385 600 466 654 etiarn
480 595 600 672 ampliirs
616 595 793 670 longis,utel
805 593 895 650 rachis
909 591 991 667 wie
1008 590 1095 647 lineas
1111 589 1183 655 latis,
1198 585 1318 662 capitula

198 703 314 758 ssorilera
328 700 488 776 cylindrica,
506 699 628 755 arbrenia
645 699 719 774 saepe
739 698 756 754 l
783 698 869 755 lineas
892 697 984 772 longa.
1008 695 1029 752 Α
1055 696 1149 771 planta
1169 693 1320 768 hispanica

198 821 278 877 quarn
295 803 346 858 snb
370 801 401 859 Z.
430 798 641 856 chondrilloidis
665 800 777 856 nornine
801 800 828 854 iu
854 799 956 873 Diagu.
984 799 1020 874 pl.
1040 817 1081 854 or.
1105 797 1134 864 7,
1154 815 1181 872 p.
1202 796 1250 864 le,
1268 795 1320 852 de-

197 905 295 980 scripsi
312 918 406 960 nostra
423 904 533 978 egregio
553 903 644 959 dillert
661 902 739 958 caule
759 919 814 958 non
832 901 920 958 abasi
941 901 1098 959 dichotome
1114 899 1317 966 raniosissirno,

197 1007 325 1063 loliorum
344 1007 430 1063 multb
452 1005 608 1080 longioriun
633 1004 737 1061 laciniis
763 1005 909 1078 elongatis,
934 1005 1051 1061 caulinis
1067 1023 1121 1062 non
1141 1004 1316 1069 auriculatiS,

198 1108 336 1166 involucri
356 1109 457 1186 phyllis
468 1108 592 1182 margine
609 1126 664 1163 non
680 1108 911 1176 membranaceis,
925 1107 1057 1165 achaeniis
1070 1107 1244 1184 longioribus
1265 1126 1319 1165 non

200 1212 433 1269 velutino-hirtis,
460 1212 502 1268 hu
523 1211 582 1268 haec
600 1211 694 1287 planta
716 1210 856 1286 hispanica
874 1211 970 1267 cadem
989 1229 1020 1268 ac
1044 1210 1167 1267 Sorrcbus
1182 1209 1321 1267 chondrr'b

205 1315 292 1372 loides
303 1315 381 1372 Desl.
396 1317 431 1372 sit
449 1316 554 1383 nescio,
573 1315 621 1372 sed
638 1315 746 1390 species
762 1315 967 1372 Fontanesiana
982 1333 1015 1372 ex
1031 1316 1216 1390 descriptione
1232 1315 1321 1372 Florae

204 1420 350 1476 Atlantirae
366 1418 535 1476 elachaeuiis
552 1436 566 1474 a
584 1417 619 1475 cl.
640 1417 729 1494 Spacb
742 1418 769 1474 in
786 1418 873 1478 illust.
889 1417 928 1494 pl.
946 1437 1000 1485 or,
1021 1428 1087 1475 lom.
1105 1418 1135 1487 3,
1152 1437 1180 1495 p.
1196 1437 1239 1486 nr,
1253 1416 1321 1476 9-l5

201 1523 304 1582 striatis
322 1522 399 1580 dictis
416 1524 541 1579 anostra
558 1521 640 1598 longe
665 1523 757 1579 distat.
787 1521 817 1579 S.
845 1520 1061 1579 clronclrilloicles
1084 1523 1166 1580 Guss.
1192 1523 1259 1600 Syn.
1277 1524 1320 1582 Fl.

205 1627 259 1684 Sic.
275 1645 310 1683 an
329 1623 429 1684 Desii
448 1645 462 1681 a
479 1628 572 1682 nostra
587 1627 679 1700 specie
703 1625 831 1681 loliorum
848 1625 959 1682 rachitle
975 1626 1039 1694 lata,
1062 1625 1198 1682 involucri
1219 1626 1322 1704 phyllis

208 1731 260 1788 late
284 1730 514 1795 membranaceis
542 1746 632 1805 pappo
660 1727 791 1786 achaeniis
815 1726 998 1784 nrultistriatis
1021 1745 1076 1784 non
1102 1727 1230 1804 longiori,
1254 1739 1321 1795 etc„

206 1835 286 1910 long'e
303 1833 405 1890 differt.

245 1984 394 2041 Asonrinn
411 1999 551 2038 ananiam
566 1981 657 2038 Roiss.
675 1993 701 2038 et
712 1981 796 2040 Reut.

244 2135 278 2194 Α.
302 2151 394 2190 annua
411 2141 465 2190 tota
487 2131 650 2189 indumento
675 2133 842 2190 brevissimo
859 2134 936 2190 molli
960 2133 1083 2192 velutino
1106 2135 1226 2200 cinerea,
1241 2138 1324 2197 caule

204 2235 301 2294 lolioso
318 2235 439 2311 superne
458 2234 521 2309 plbs
537 2234 666 2291 minusve
683 2252 804 2304 ramosa,
822 2235 893 2293 loliis
910 2236 1012 2294 infimis
1028 2238 1322 2315 oblongo-lanceolatis

205 2340 310 2398 remot‘e
330 2338 506 2396 denticulatis
528 2339 679 2414 integrisve
699 2339 726 2395 in
745 2339 879 2414 petiolum
902 2341 1015 2399 brevem
1036 2345 1185 2402 attenuatis
1207 2347 1323 2404 caulinis

205 2443 381 2502 sessilibuse
402 2442 461 2500 basi
479 2441 568 2498 latiori
589 2443 860 2500 rotundato-cordata
882 2444 1009 2520 oblongis
1031 2449 1153 2524 supern‘e
1172 2451 1323 2508 albennatis

205 2548 397 2624 superioribus
412 2546 577 2604 acuminatis
593 2546 723 2604 omnibus
739 2545 854 2621 integris
870 2549 1048 2623 repandisve‚
1063 2551 1191 2625 capitulis
1206 2551 1325 2609 breviter

205 2650 399 2729 pedunculatis
414 2649 447 2704 ad
463 2650 570 2724 apicem
586 2667 728 2706 ramorum
744 2649 892 2726 corymbos
909 2651 1011 2708 densos
1027 2652 1221 2721 formantibus,
1240 2655 1320 2712 inro-

206 2755 275 2812 lucri
298 2755 359 2811 lana
375 2753 460 2810 densal
477 2751 587 2808 sordid'e
608 2751 669 2806 alba
689 2750 936 2828 lanato-gossypini
961 2754 1025 2830 pilis
1043 2754 1132 2830 longis
1152 2756 1325 2832 glandulosis

207 2857 408 2934 nigricantibus
434 2856 509 2931 saepe
532 2853 683 2911 intermixti
703 2853 806 2931 phyllis
822 2854 971 2914 linearibus
988 2858 1087 2927 acutis,
1113 2859 1206 2936 ligulis
1223 2879 1322 2919 auran·

207 2963 284 3019 tiaris
297 2959 482 3019 exterioribus
495 2969 574 3016 extus
590 2958 800 3016 rubescentibus
816 2959 992 3019 involucrum
1008 2964 1215 3040 superantibus,
1236 2967 1324 3024 achae-

208 3063 260 3120 niis
288 3060 583 3138 oblongo-cylindricis
601 3060 659 3118 basi
681 3063 829 3120 attenuatis
850 3065 1050 3139 nigricantibus
1069 3067 1212 3143 eleganter
1227 3078 1254 3126 et
1272 3087 1325 3127 an-

208 3167 289 3242 guste
305 3163 500 3221 albo-striatis

250 3266 394 3343 Andryulo
406 3266 560 3343 puruislora
578 3267 597 3328 Β
618 3268 751 3324 arenaria
773 3267 862 3326 Roiss
884 3268 955 3346 Voy.
979 3270 1046 3347 Esp.
1063 3303 1102 3316 -
1118 3277 1152 3330 A.
1181 3275 1329 3353 tenuisoh'u

210 3373 419 3429 veneratione
440 3371 499 3430 DC.
517 3371 601 3431 Prod.

249 3476 320 3533 Hab.
338 3477 364 3533 in
381 3477 514 3552 Hispania
528 3474 644 3533 centrali
661 3472 903 3552 (neat.),13aeucl
917 3474 1015 3553 (Reut.
1029 3475 1148 3555 Roiss.),
1165 3479 1330 3540 blauritanil

210 3581 281 3638 circb
298 3580 375 3636 Oran
389 3578 538 3659 (Reuter).

251 3683 317 3739 llaec
342 3682 434 3758 planta
457 3684 597 3740 immeritb
616 3683 642 3740 in
662 3684 792 3760 oporibus
818 3683 907 3741 citatis
926 3701 990 3740 curn
1010 3685 1044 3740 Α.
1072 3686 1222 3764 tenuisoh'd
1242 3689 1327 3748 Guss.

212 3787 327 3844 coulnsa
349 3789 409 3856 luit,
437 3788 529 3862 planta
555 3787 690 3845 Orientali
715 3788 775 3845 laxe
800 3787 975 3864 corymbosl,
1002 3788 1114 3846 demum
1132 3791 1330 3852 subracemosa

214 3912 276 3969 qum
302 3892 373 3948 loliis
396 3890 512 3947 caulinis
540 3890 866 3950 lanceolam-linearibus
890 3893 933 3951 vix
955 3895 1012 3952 basi
1030 3895 1160 3965 dilatatis,
1178 3897 1329 3956 involucris

214 3999 334 4056 breviter
349 3996 479 4053 velutinis
495 4014 546 4053 nec
561 3996 646 4053 dense
663 3995 771 4063 lanatis,
798 3997 890 4072 ligulis
912 3998 1074 4075 sulphureis
1099 4000 1272 4059 involucrum
1287 4001 1331 4057 vix

215 4103 410 4178 superantibus
429 4117 477 4158 nec
502 4119 534 4157 eo
558 4099 728 4174 longioribus
744 4100 842 4159 donata
857 4114 909 4159 est.
