3048 4780
777 349 823 414 28

243 492 319 558 losis,
337 487 457 565 capsulae
472 487 590 545 valvulis
604 487 718 545 laevibus
734 497 879 562 rostroque
896 487 1059 545 brevissime
1076 485 1172 562 pilosis
1194 483 1356 560 eglandulo·

241 594 291 661 sis,
309 592 463 650 seminibus
478 589 658 650 subtilissime
675 588 854 666 punctulatis.

282 694 352 753 Hab.
368 694 395 751 iu
410 693 501 751 Africa
518 693 576 750 bor.
595 692 665 750 circb
684 689 864 749 Constantine
874 689 954 749 berb.
970 687 1098 749 Faucbe!
1112 690 1140 746 in
1154 689 1294 766 sylvaticis
1310 687 1356 745 At-

243 799 325 856 lantis
340 798 423 873 supra
436 793 537 854 elidat
550 793 774 853 adilian-leland
788 804 815 852 et
825 794 858 852 ad
874 795 966 852 lauces
980 793 1010 851 fl.
1027 791 1123 870 Cbiffn.
1136 790 1241 869 (Boias.
1257 788 1359 866 lleut.)

283 900 402 957 Pulchra
419 899 558 975 speciesa
588 897 621 956 G.
646 897 781 974 splvot'ico
804 897 932 955 distincta
954 896 1044 953 radice
1060 895 1165 952 nodosa
1188 893 1295 969 lignost
1310 910 1360 950 nec

243 1000 546 1078 elongato-cylindrict,
576 1000 648 1058 loliis
673 1001 772 1058 subtus
794 1000 906 1057 sericeis
932 998 1125 1074 partitionibus
1153 995 1288 1073 profunde
1310 998 1356 1053 tri-

243 1103 304 1162 fidis
319 1121 371 1160 nec
385 1103 490 1171 incisis,
512 1101 641 1160 dentibus
664 1103 769 1160 obtusis
793 1119 842 1158 nec
858 1102 958 1168 acutis,
976 1101 1039 1176 pilis
1063 1100 1236 1157 valvularum
1259 1100 1358 1157 rostri-

243 1226 297 1282 que
312 1207 428 1282 prorsirs
446 1205 646 1282 eglaudulosis.

283 1357 507 1414 Sanaornnurvus
521 1355 735 1412 Wecwrrscrnr.
754 1355 844 1414 Boise.
863 1366 891 1411 et
905 1355 1019 1414 lieuter.

282 1506 310 1566 S.
334 1505 456 1563 siccitate
473 1505 644 1579 nigrescens,
667 1505 750 1562 ramis
774 1505 893 1562 tenuiter
908 1505 1020 1582 virgatis
1038 1504 1150 1563 demum
1165 1504 1361 1581 glabriusculis

245 1608 364 1664 tenuiter
379 1604 427 1664 b-ii
442 1607 566 1673 rostatis,
583 1606 702 1665 novellis
717 1607 841 1676 sericeis,
861 1607 933 1666 loliis
948 1608 1041 1685 parvis
1060 1609 1144 1684 suprb
1160 1607 1361 1684 glabrescenti-

243 1713 295 1772 bus
309 1711 407 1770 subtus
423 1711 503 1787 parce
518 1710 630 1767 sericeis
647 1709 821 1776 triloliolatis,
839 1709 941 1786 petiole
960 1709 1061 1767 loliolis
1076 1708 1362 1786 ellipticolinearibus

242 1814 400 1890 aequilongo
422 1813 465 1870 vel
488 1813 618 1880 breviori,
642 1813 742 1870 foliolis
759 1812 950 1890 superioribus
973 1812 1145 1888 simplicibus
1161 1811 1362 1872 subsessilibus

245 1916 378 1983 minimis,
395 1915 510 1972 floribus
524 1915 558 1971 ad
570 1913 664 1972 axillas
673 1916 833 1990 superiores
847 1914 978 1972 solitariis
990 1914 1147 1990 pedunculo
1160 1914 1273 1971 incurvo
1285 1914 1361 1971 rulo-

245 2017 351 2076 sericeo
369 2015 455 2094 calyci
476 2015 635 2091 aequilongo
658 2015 779 2072 sullultis
800 2016 972 2083 nutantibus,
996 2014 1088 2092 calyce
1111 2015 1231 2072 breviter
1255 2013 1363 2072 sericeo

246 2120 414 2178 divaricatim
433 2118 468 2176 ad
492 2117 612 2176 medium
638 2119 726 2195 usqu'e
742 2118 870 2175 bilabiato
887 2116 964 2174 labiis
980 2115 1067 2174 ovatis
1089 2116 1292 2174 obsoletissime
1308 2135 1364 2174 su-

246 2223 347 2298 periori
361 2222 381 2279 2
396 2221 519 2278 inferiori
534 2220 631 2278 3·lobo
654 2221 715 2279 lobo
733 2222 897 2280 intermedio
914 2222 1044 2296 longiori,
1066 2221 1163 2296 petalis
1181 2220 1294 2296 glabriS,
1309 2219 1362 2278 alis

246 2325 367 2386 carinam
385 2324 510 2398 margine
529 2323 665 2400 superiori
683 2322 761 2380 valdb
783 2323 925 2380 incurvam
942 2323 1067 2380 falcatam
1088 2323 1166 2399 apice
1186 2331 1363 2398 angustatam

245 2424 483 2502 subsequentibus,
510 2424 651 2500 legumine
676 2427 883 2500 erecto-patenti
911 2422 1362 2502 oblongo-elliptico'rectiusculo

245 2546 405 2606 compresso
417 2545 510 2586 crasso
527 2527 590 2604 pilis
601 2527 670 2584 albis
685 2527 786 2604 patulis
798 2526 928 2584 brevibus
942 2545 1078 2603 pannoso.

286 2629 488 2688 Surotlvomnns
498 2639 595 2706 potens
610 2628 649 2706 pl.
667 2628 759 2686 Lusit.
779 2629 951 2688 Welwitscli.
970 2629 1070 2688 exsicc.
1086 2645 1119 2686 n0
1130 2630 1168 2687 et
1183 2649 1240 2688 nun
1258 2629 1360 2688 Webb.

284 2733 356 2790 Hab.
384 2734 412 2789 in
436 2732 632 2790 Estranradura
665 2731 857 2808 Transtaganal
877 2731 1031 2790 Lusitaniae
1059 2731 1204 2810 (Welw.)‚
1229 2729 1363 2808 Hispania

246 2836 360 2896 australi
377 2839 403 2894 in
420 2837 559 2914 sylvaticis
578 2837 648 2894 circ'a
672 2833 813 2910 Alpc'siros
828 2836 959 2912 frequens
974 2836 1080 2914 (Roiss
1099 2844 1127 2893 et
1141 2833 1243 2914 Reut.)

286 2937 398 3014 Species
416 2937 445 2995 S.
465 2939 575 3014 potenti
592 2938 694 2994 Webb.
718 2947 745 2995 et
762 2937 792 2994 S.
821 2939 963 3014 eriocnrpo
985 2937 1075 2995 Boiss,
1106 2947 1134 2996 et
1151 2939 1235 2997 Reut.
1258 2938 1361 3007 alfiniS,

245 3041 321 3112 prior
337 3037 428 3095 differt
444 3038 557 3095 ramulis
572 3038 766 3106 crassioribus,
785 3038 886 3096 foliolis
902 3039 1026 3097 obovatis
1044 3039 1092 3096 te
1111 3040 1160 3096 lin.
1188 3041 1278 3117 longis
1293 3041 1362 3116 w„

244 3140 339 3197 blatis
354 3158 405 3197 nec
419 3140 471 3197 Ἠ
491 3139 540 3196 lin.
566 3140 656 3216 longis
677 3140 767 3216 l-l¹l2
791 3141 869 3208 tatis,
898 3141 1013 3198 [loribus
1041 3143 1193 3219 majoribus
1213 3143 1362 3218 geminatis

247 3242 386 3316 pendulis,
404 3242 544 3318 legumine
557 3242 673 3319 longiori
698 3244 791 3301 lineari
813 3243 933 3319 oblongo
949 3244 1055 3303 inferne
1070 3245 1265 3302 subattenuato
1287 3244 1362 3320 pillis

247 3344 418 3421 longioribus
436 3345 528 3402 minus
550 3345 634 3402 densis
658 3347 758 3404 obsita.
778 3347 807 3402 S.
834 3347 994 3421 eriocnrpus
1016 3347 1088 3404 loliis
1110 3365 1221 3422 quoque
1247 3347 1363 3404 minutis

246 3449 365 3505 ‹lorratus
381 3448 463 3505 babet
479 3466 571 3505 ramos
596 3449 797 3506 crassiusculos
820 3448 919 3504 breves
942 3467 993 3504 nec
1008 3447 1152 3523 elongatos
1168 3447 1237 3506 eta
1250 3450 1363 3506 striato-

246 3560 376 3618 costatos,
400 3551 539 3626 legumina
556 3548 860 3625 trapezoitlenelliptica
879 3548 1005 3606 breviora
1023 3551 1136 3608 densius
1153 3569 1287 3626 pannosa.

285 3651 354 3712 Obs.
376 3653 415 3708 Ex
430 3653 636 3726 comparatione
652 3651 790 3706 variorum
806 3651 989 3726 speciminum
1009 3673 1022 3710 e
1039 3653 1249 3711 collectionibus
1265 3671 1360 3712 recen-

245 3754 363 3810 tioribus
378 3754 404 3810 in
421 3755 521 3811 Baetica
537 3753 672 3810 lectorum
694 3753 904 3812 observavimus
927 3766 1004 3812 notas
1029 3756 1130 3832 quibus
1157 3756 1313 3814 Boissierus
1333 3757 1361 3812 in

246 3857 315 3929 lloy.
334 3857 395 3914 Bot.
408 3855 474 3930 Esp.
494 3854 557 3911 Sur.
580 3855 721 3922 Baetv'eunv,
744 3857 913 3913 Gnclitnnnrn
929 3869 955 3915 et
979 3859 1013 3918 S.
1038 3859 1184 3915 arboreum
1199 3877 1283 3916 suum
1301 3858 1362 3915 dis-

247 3960 363 4015 tinxevat
385 3959 485 4033 rterup'e
508 3977 598 4015 rannus
623 3959 685 4034 plias
714 3959 805 4016 ininirs
827 3961 949 4028 striatus,
980 3961 1120 4036 legumina
1143 3980 1295 4040 papyraceo
1317 3973 1364 4029 vel

245 4080 336 4119 crassa
353 4059 498 4118 variabiles
518 4081 579 4118 esse
600 4073 627 4119 et
639 4062 671 4118 ab
693 4071 771 4120 aetate
798 4063 1011 4138 evolutioneque
1027 4064 1128 4139 plantae
1144 4065 1277 4140 pandere,
1294 4081 1363 4139 per-

244 4184 356 4222 suasum
374 4167 463 4242 itaqua
481 4185 552 4222 rietur
575 4166 709 4223 balanna
729 4185 773 4223 eas
796 4186 821 4221 rn
845 4185 926 4224 ranam
953 4167 985 4223 S.
1012 4167 1107 4222 Baetici
1130 4166 1219 4224 Webb
1247 4167 1361 4225 nurtrinc
