3048 4780
716 337 760 401 37

178 478 235 535 3-6
251 476 407 553 pedunculo
425 476 490 532 lolio
514 476 656 533 multoties
681 476 799 552 longiori
821 477 956 546 sullultis,
979 480 1107 536 dentibus
1128 481 1259 557 calycinis
1281 499 1295 536 e

179 579 238 636 basi
253 579 395 636 sublatiori
412 579 495 654 longe
511 578 762 637 lineari-subulcus
776 581 840 638 ante
857 581 987 640 antbesin
1002 583 1100 639 erectis
1124 583 1188 639 tubo
1205 582 1296 658 aequi-

181 682 268 758 longis
295 684 338 740 vel
360 682 543 758 longioribus
559 682 661 740 corolld
679 682 753 739 luted
778 682 805 738 iu
830 701 1003 758 purpureum
1028 686 1164 759 vergenti,
1196 684 1296 742 vexillo

179 795 271 853 ovato,
291 786 343 843 alis
357 785 692 851 rhoniboideo-obovatis,
715 784 807 843 carina
828 785 1002 862 cymbilormi
1026 787 1151 861 margine
1174 787 1297 844 inferiori

180 887 356 946 uniformiter
373 887 487 943 incurvd
503 886 635 944 deorsum
648 886 719 943 inter
733 885 790 944 alas
802 886 946 956 eminenti,
958 886 1100 964 legumine
1115 889 1211 946 lineari
1223 898 1297 947 recto

181 990 261 1048 tereti
276 990 352 1064 saepb
366 990 444 1065 apice
458 989 629 1047 subclavato.

221 1093 286 1149 Ver.
306 1121 324 1152 α
338 1089 520 1166 plumescens.
538 1091 594 1149 Sub
615 1090 689 1149 lente
706 1091 813 1149 tantum
833 1090 898 1167 pilis
912 1092 1052 1168 adpressis
1074 1093 1179 1168 sparsis
1194 1093 1295 1162 hirtus,

182 1194 275 1251 caules
295 1193 392 1269 pedem
408 1204 434 1249 et
450 1194 570 1268 amplilrs
588 1192 676 1268 longi,
692 1193 785 1250 loliola
800 1192 848 1250 to
865 1193 885 1251 l.
903 1194 999 1270 longa,
1015 1195 1134 1270 capitula
1147 1193 1199 1250 5-6
1214 1195 1293 1252 [lora.

223 1295 291 1354 Hab.
319 1297 347 1352 in
368 1295 503 1372 glareosis
522 1295 646 1354 humidis
669 1295 747 1354 lluvii
769 1296 862 1354 Dorro
887 1297 974 1373 prope
998 1298 1144 1354 Granatem
1164 1296 1296 1374 (beuter,

182 1396 364 1478 Jul3l849.)

222 1501 287 1562 Var.
303 1497 463 1564 duillosus.
479 1499 582 1560 Similis
599 1500 724 1558 varietati
739 1529 757 1560 α
779 1501 828 1560 sed
848 1501 1012 1561 indumento
1027 1500 1138 1578 hispido
1155 1501 1231 1558 brevi
1247 1500 1296 1559 ob·

183 1605 265 1666 situs,
278 1604 370 1662 caules
382 1603 569 1663 erectiusculi.

223 1705 293 1764 Hnb.
310 1707 337 1762 in
356 1705 470 1780 regione
483 1705 572 1764 credid
589 1705 691 1766 montis
711 1704 809 1762 Sicrro
824 1705 939 1762 Neocdu
953 1706 980 1762 in
1001 1705 1135 1782 glareosis
1150 1704 1227 1762 fluvii
1242 1703 1300 1762 Mo-

181 1809 276 1868 ncclu'l
289 1809 439 1887 (Reuter.)

222 1913 288 1970 Vnr.
307 1940 323 1992 y
338 1909 481 1988 glacialis.
497 1911 585 1969 Totus
602 1911 734 1992 adpressb
747 1912 1027 1986 sericeo-argenteus,
1041 1910 1135 1968 caules
1150 1909 1298 1967 abbreviati

182 2015 318 2072 humilusi
343 2013 499 2083 surculosi‚
529 2013 621 2072 foliola
645 2013 758 2070 minima
780 2013 827 2072 ld
855 2013 941 2071 lineas
960 2013 1052 2088 longa,
1079 2011 1162 2071 flores
1185 2013 1299 2070 solitarii

183 2118 274 2176 rarius
291 2118 359 2174 bini.

222 2221 253 2279 t.
271 2217 461 2278 corniculatae
478 2238 537 2278 var.
560 2218 701 2295 pluuialis.
718 2220 789 2296 lloy.
807 2219 868 2277 Βοί.
885 2219 951 2296 Esp.

221 2324 292 2382 llab.
311 2325 339 2382 in
355 2323 489 2402 lapidosis
507 2325 629 2400 regionis
651 2324 751 2382 nivalis
767 2341 886 2381 sumruae
903 2321 999 2380 Sierru
1022 2320 1136 2379 Ncoodn
1150 2321 1297 2400 (boissier.

181 2426 313 2500 Rectus.)

221 2530 288 2590 Haec
307 2530 416 2607 species
432 2531 485 2590 etsi
499 2531 552 2590 sub
567 2531 666 2590 formis
688 2529 888 2588 diversissimis
903 2539 1029 2588 occurrat
1052 2547 1067 2585 a
1083 2528 1114 2585 t.
1130 2525 1301 2584 corniculato

184 2649 296 2709 semper
310 2634 489 2712 distinguitur
501 2635 617 2694 [loribus
633 2634 816 2694 minoribuse
832 2633 907 2690 luteo
923 2633 949 2690 iu
967 2649 1138 2709 purpureum
1159 2630 1300 2704 vergenti-

188 2746 232 2792 tus
255 2737 438 2794 exsiccatione
453 2755 508 2796 non
525 2737 737 2805 virescentibus,
758 2737 850 2794 carind
865 2736 965 2792 subtus
977 2752 1033 2791 non
1047 2732 1150 2808 angulo
1164 2745 1240 2789 recto
1254 2731 1300 2787 in-

185 2838 269 2896 iractd
282 2838 331 2897 sed
348 2838 437 2898 abasi
451 2838 551 2898 leniter
567 2849 595 2897 et
617 2838 791 2898 uniformiter
810 2839 936 2908 incurva,
959 2838 1057 2894 dentes
1078 2835 1222 2913 calycinia
1242 2833 1300 2891 basi

184 2939 272 3016 magis
283 2941 422 3016 angustati
439 2958 553 3018 quoque
569 2951 647 2999 suut.
668 2939 700 2996 t.
717 2938 908 2999 corniculatae
923 2939 975 2997 sub
991 2938 1072 2996 variis
1087 2937 1183 2996 formis
1203 2938 1231 2994 in
1246 2937 1299 2995 eis·

182 3042 246 3100 dem
261 3042 328 3101 locis
343 3045 464 3102 occurrit
477 3055 506 3102 et
520 3062 661 3121 sempera
677 3047 774 3102 nostrl
788 3045 882 3121 specie
897 3042 975 3102 facile
991 3042 1179 3118 distinguitur.

224 3188 319 3246 Locus
339 3189 491 3248 saccutum
506 3191 597 3250 Boiss.
614 3202 641 3251 et
652 3191 737 3251 lleut.

222 3341 259 3400 L.
276 3342 408 3418 perennis
426 3350 499 3400 totus
516 3343 730 3420 adpressissime
750 3349 977 3414 sericeo-canus,
992 3345 1117 3403 caulibus
1133 3345 1243 3403 interne
1265 3347 1301 3402 li-

181 3444 278 3520 gnosis
302 3445 588 3506 subdecumbentibus
611 3449 713 3506 crassis
739 3448 872 3506 teretibus
896 3448 1000 3506 strictis
1024 3447 1104 3505 elatis
1134 3446 1221 3504 lorea
1243 3447 1301 3505 basi

182 3546 338 3606 alternatim
358 3548 487 3618 ramosis,
504 3550 588 3608 rumis
603 3549 632 3608 in
650 3551 749 3612 eodem
768 3551 851 3628 plano
869 3549 992 3610 verticuli
1011 3549 1083 3616 sitis,
1105 3548 1216 3625 petiolis
1233 3550 1300 3608 dila-

185 3650 247 3708 tetis
262 3650 433 3710 brevissimis
445 3652 473 3708 in
489 3652 562 3711 loliis
579 3653 772 3730 superioribus
786 3652 938 3721 subnullis,
955 3651 1055 3711 loliolis
1069 3653 1301 3712 obovatocunea-

186 3753 220 3808 tis
240 3751 347 3812 obtusis
366 3755 442 3830 saepe
460 3755 585 3815 obsolet'e
601 3758 815 3827 mucronulstis‚
834 3757 946 3835 stipulis
970 3756 1111 3833 ellipticis,
1138 3756 1302 3834 pedunculis

184 3856 286 3913 crassis
301 3866 364 3932 post
378 3858 506 3918 antbesin
522 3863 678 3938 praesertim
698 3863 794 3940 rigidis
818 3863 923 3922 strictis
936 3861 984 3920 t-‘t
1002 3861 1079 3920 lloris
1095 3861 1166 3919 loliis
1183 3860 1303 3938 Mpld

184 3958 369 4035 longioribus,
391 3959 492 4039 calycis
507 3964 721 4042 adpressissimb
735 3966 834 4025 sericei
850 3965 981 4025 dentibus
998 3965 1158 4025 lanceolatis
1179 3963 1302 4023 curvulis

185 4060 251 4120 tubo
264 4061 497 4141 suboequilongis,
512 4065 616 4125 corolld
634 4067 732 4126 citrind
753 4067 847 4146 calyce
868 4067 955 4145 duplo
977 4067 1107 4145 longiori,
1131 4063 1231 4124 vexillo
1249 4063 1302 4120 ob-

187 4168 269 4244 longo
284 4172 456 4232 acutiusculo
478 4171 536 4232 basi
552 4174 579 4232 in
597 4193 720 4251 unguem
737 4175 818 4249 longe
833 4183 987 4240 attenuato,
1005 4173 1055 4229 alis
1072 4166 1231 4228 semiovatis
1253 4187 1302 4226 ca-
