3048 4780
788 361 833 426 58

251 503 368 578 angusto
392 501 542 559 linearibus
568 501 683 576 integris
716 500 759 557 vel
786 500 866 576 parcb
893 496 1084 574 denticulum,
1118 495 1253 554 involucri
1277 495 1366 572 glabri

251 606 354 683 phyllis
370 604 503 663 viridibus
527 604 658 662 omnihus
674 603 872 680 angustissime
889 601 1203 679 nigro-membranaceis
1220 601 1297 678 apice
1313 619 1367 659 ro·

252 708 372 766 tendatis
387 707 497 766 extimis
515 705 686 776 lanceolatis,
705 707 809 764 intimis
826 707 911 784 dopld
928 705 1101 783 longioribus
1118 704 1225 763 inferne
1237 704 1368 783 oblongis

248 812 366 870 orncdid
382 821 459 887 parte
475 811 587 869 sursirm
614 812 768 887 angustatis
789 811 951 880 linearibus,
969 810 1061 887 ligulis
1075 808 1145 867 albis
1161 808 1264 867 retusis
1280 809 1367 867 inve·

251 917 327 974 lucro
351 914 415 992 pliis
438 914 523 991 duplb
539 914 711 992 longioribus
731 915 849 977 neutris,
865 914 997 973 achaeniis
1018 913 1086 971 rodii
1103 912 1189 971 calvis
1206 911 1367 990 cylindricis

249 1017 302 1076 sub
318 1017 489 1076 ill-castatis.

291 1118 535 1196 Cbrpsautlwmum
547 1117 714 1197 paludosum
736 1117 814 1176 Desl.
833 1117 888 1176 Ad.
907 1127 927 1174 t.
943 1115 1049 1176 ⁶238-
1061 1115 1125 1176 Chr.
1145 1115 1273 1193 glabrum
1287 1119 1363 1178 Peir.

249 1226 319 1302 Voy.
335 1224 366 1294 8,
382 1244 411 1302 p.
427 1224 496 1282 att.

288 1328 358 1386 Hab.
374 1329 400 1384 in
420 1327 558 1385 montanis
573 1329 696 1385 arenosis
712 1327 833 1384 humidis
850 1326 947 1385 Africae
965 1326 1095 1396 borealis,
1113 1328 1141 1383 in
1155 1326 1266 1386 Atlante
1278 1330 1366 1404 supra

251 1430 363 1505 81111111,
381 1431 408 1486 in
424 1430 547 1488 lancibus
562 1430 637 1487 ssavii
654 1429 752 1508 Cbiffa,
770 1440 798 1486 et
812 1430 898 1506 prope
918 1429 1005 1500 Oreo,
1023 1429 1155 1507 (Reater,
1174 1430 1283 1510 Boiss.)

288 1535 354 1592 Haec
374 1534 517 1610 speciosa
541 1532 577 1590 cl.
604 1533 662 1591 DC.
684 1532 718 1590 ad
743 1551 826 1590 suum
851 1532 1079 1590 Leocoutbemum
1103 1533 1250 1591 Setobense
1274 1533 1364 1594 relata

249 1637 299 1694 soit
314 1635 388 1713 quod
405 1654 420 1693 e
437 1635 635 1713 speciminibus
656 1636 813 1713 Hispanicis
832 1655 848 1694 a
872 1636 915 1694 Cl.
940 1637 1047 1698 Duloor
1061 1637 1122 1713 ipso
1137 1636 1215 1696 lectis
1230 1637 1366 1697 collatum

248 1739 375 1818 specifice
387 1737 479 1797 dillcrt
493 1741 598 1796 staturd
612 1749 639 1796 et
659 1738 731 1796 loliis
754 1748 784 1794 ut
802 1737 909 1796 videtur
926 1738 1079 1796 minoribus
1094 1748 1122 1796 et
1141 1739 1299 1815 prasertim
1318 1741 1366 1798 in-

249 1843 354 1902 volucri
370 1841 473 1919 phyllis
484 1841 611 1917 oblongis
626 1841 703 1918 apice
716 1840 768 1898 late
784 1841 1041 1918 nigro-marginatis
1051 1850 1078 1899 et
1088 1841 1242 1901 minimbut
1253 1844 1281 1900 in
1296 1861 1366 1902 nes-

249 1948 289 2003 trd
306 1945 398 2023 specie
413 1963 428 2000 1
446 1943 538 2002 medio
559 1945 672 2003 sursiun
692 1944 857 2020 angustatis.
881 1944 992 2003 Nomen
1015 1944 1176 2021 specificam
1200 1945 1368 2007 Fontanesii

247 2047 360 2105 erunino
375 2046 558 2123 improprium
574 2057 625 2104 cst.
1218 2041 1220 2044 ’

288 2200 503 2256 Cotrosraruos
516 2215 659 2256 uacuoros
675 2198 781 2257 Dorion
792 2201 819 2255 in
835 2198 990 2257 Dachartro
1008 2201 1079 2260 llev.
1093 2205 1155 2262 Bet.
1169 2201 1252 2260 Febr.
1272 2201 1362 2261 1816.

250 2388 288 2395 -
305 2350 509 2429 Glossopappus
525 2350 790 2427 chrysanthemeides
810 2351 904 2410 Kunze
928 2352 954 2409 in
976 2352 1057 2410 Flora
1081 2352 1215 2415 Decemb.
1235 2353 1313 2412 1816
1336 2363 1366 2413 11

250 2454 347 2516 Chlor.
373 2454 453 2532 Hisp.
468 2453 683 2530 -Pyretbrum
705 2453 828 2530 Mycenis
850 2473 912 2515 aar.
935 2454 1076 2532 pullatum
1090 2457 1209 2520 Cosson,
1228 2457 1295 2517 Not.
1321 2457 1361 2535 pt.

250 2559 331 2636 Esp.,
344 2577 372 2634 p.
386 2555 435 2615 38.
450 2556 525 2613 Τ1111
543 2575 557 2613 1
573 2556 950 2633 speciminibusautheuticis
961 2568 1027 2616 sunt
1042 2578 1199 2637 synonyma
1214 2561 1317 2637 speciei
1336 2561 1364 2619 in

251 2662 417 2722 Mauritania
430 2662 515 2738 prop'e
533 2660 611 2718 Orou
624 2669 651 2719 et
661 2660 761 2720 Baeticd
776 2661 852 2719 omni
869 2660 1081 2738 vulgatissimae.

288 2813 407 2873 Snuacre
424 2814 594 2871 Artiarrcos
610 2812 701 2872 Beiss.
721 2811 843 2872 etheut.
863 2812 950 2890 (Sect.
971 2812 1183 2890 Obejecoideae.)

288 2965 319 3024 S.
337 2983 448 3022 annuos
462 2965 555 3040 junior
570 2965 632 3039 pilis
650 2965 792 3021 araneesis
808 2967 912 3040 sparsis
924 2965 1031 3022 obsitus
1043 2967 1154 3023 tandem
1174 2967 1363 3043 glabrescenS,

250 3067 329 3126 caule
346 3075 438 3124 erecto
455 3064 551 3123 striato
567 3063 663 3123 lolioso
681 3066 802 3142 superne
823 3084 933 3125 ramoso
954 3066 1307 3145 corymbosopaniculate,
1320 3090 1364 3128 ra·

253 3170 306 3228 mis
321 3169 431 3237 erectis,
450 3168 521 3227 loliis
538 3167 712 3228 inferioribus
727 3169 790 3227 latis
811 3168 938 3247 oblongis
954 3169 997 3228 vel
1020 3171 1327 3250 oblongo—spathulatis
1338 3174 1364 3232 in

253 3274 387 3352 petiolum
401 3273 551 3331 attenuatis
569 3273 688 3332 dentatis
703 3274 746 3331 vel
770 3274 889 3332 breviter
910 3274 1127 3351 pinnatilobatiS,
1147 3275 1216 3334 iobis
1234 3277 1365 3336 denticu-

250 3380 313 3439 latis
337 3379 529 3457 superioribus
554 3378 795 3455 lineari·oblongis
816 3377 960 3436 scssilibos
987 3379 1070 3454 supra
1095 3379 1172 3438 basin
1196 3381 1365 3440 auriculato-

251 3483 482 3562 amplexicaulem
498 3482 699 3542 subcontractis
714 3481 777 3540 dein
792 3481 964 3539 subdilatatis
976 3483 1072 3559 argutb
1083 3481 1258 3543 denticulatis
1274 3485 1364 3545 rarius

250 3587 429 3666 pinnatilobis
445 3587 573 3646 omnibus
584 3588 664 3647 siccis
677 3588 817 3656 tenuibus,
834 3588 998 3665 pedunculis
1015 3589 1208 3648 terminalibus
1218 3589 1364 3647 involucro

250 3689 471 3768 subaequilengis
488 3690 531 3748 vel
547 3688 718 3766 longioribus
739 3688 857 3748 bracteis
878 3688 1102 3749 lineari-setaceis
1120 3691 1289 3768 sphacelatis
1303 3709 1363 3750 ere·

252 3796 310 3854 bris
324 3795 433 3863 obsitis‚
450 3793 566 3872 calyculi
580 3793 704 3871 squamis
718 3792 822 3852 crebris
842 3793 1013 3853 brevissimis
1027 3794 1167 3872 adpressis
1187 3793 1222 3852 ad
1240 3794 1362 3854 medium

251 3896 341 3976 usque
361 3897 540 3975 sphacelatis,
568 3896 703 3955 involucri
728 3896 831 3974 phyllis
855 3896 956 3974 glabris
982 3897 1114 3956 viridibus
1139 3897 1295 3956 bicarinatis
1314 3916 1362 3956 su·

251 4002 469 4083 pero'eangustb
488 4000 727 4079 albo-marginatis
741 4001 817 4077 apice
837 3999 1014 4078 sphacelatis,
1038 4000 1131 4078 ligulis
1144 4001 1236 4060 aureis
1251 3998 1362 4058 tandem

253 4107 386 4168 revolutis
401 4105 477 4166 diseo
492 4104 576 4183 duplb
588 4103 771 4182 longioribus,
788 4104 919 4164 achaeniis
935 4103 1054 4163 tenuiter
1068 4103 1226 4181 cylindricis
1243 4102 1363 4162 breviter

255 4221 282 4268 et
299 4212 429 4290 adpressb
444 4210 659 4290 pubescentibus
676 4227 767 4286 pappo
781 4209 860 4266 niveo
873 4206 986 4267 deciduo
1005 4207 1045 4263 eis
1062 4205 1178 4279 longiori
1196 4206 1358 4264 terminatis.
